2608 3602
181 3590 184 3591 ν
216 3589 244 3592 ,-
257 3589 261 3591 -
278 3583 488 3594 .---.a---»⁴

327 181 360 230 8

264 318 377 366 diet.
407 332 449 364 v.
479 313 757 380 redhostit),
799 318 957 378 posito
988 316 1126 363 verbi⁴
1165 313 1462 376 redhostire·
1486 316 1706 379 exemplo
1740 333 1802 364 ex
1846 317 2378 388 Attii„Amphit1-uone,²

264 407 416 453 addit:
451 406 593 453 Idem
623 405 963 453 didascalicon
997 401 1061 468 (v.
1090 404 1422 469 didascalico)
1448 405 1527 454 lib.
1555 406 1640 454 ΙΙ.·
1671 443 1672 446 .
1718 407 1788 454 'Ut
1818 407 1937 455 dum
1966 410 2118 458 velint
2147 412 2380 463 *ht-evita..

264 503 361 542 tem
387 497 621 560 consequi
664 496 947 551 verborum,
1015 495 1180 542 aliter'
1205 511 1266 542 ac
1308 495 1379 541 sit·
1408 497 1622 544 relatum
1664 497 1937 556 redhostire
1968 508 2257 563 sponsums'
2298 506 2379 554 111

263 587 754 634 extremis‘Mercerus
786 592 967 634 tentat:
1004 585 1207 641 elatum,
1232 584 1476 643 redhostit
1504 602 1826 650 responsum3
1860 594 1921 637 ex
1952 591 2375 657 quibust-esponq.

264 692 373 723 sum
400 680 575 725 verum
617 679 831 738 videtur,
880 677 1066 724 elatum
1096 679 1358 736 incertum,
1387 678 1642 725 -re'dlzostit
1668 677 1856 726 salsum.
1925 681 1980 732 P.
2018 688 2126 738 1782
2148 682 2227 748 (de
2259 683 2376 733 hon.-

265 775 315 814 et
347 784 427 815 no.
457 773 553 816 Vct.
575 770 685 815 dict.
718 784 762 816 v.
795 767 1047 832 temerius)
1080 767 1184 813 haec
1214 767 1375 813 affert:
1404 766 1522 815 Ace.
1542 767 1877 815 didascalicon
1903 767 2255 838 (didascalico)
2289 773 2374 837 lib.

265 859 330 906 II
336 876 352 905 .·
393 860 495 906 Sed
524 858 808 919 Euripides,
843 858 931 921 qui
968 858 1149 905 choros·
1183 857 1416 911 temerius
1458 858 1515 904 in
1535 858 1755 919 fabalis..
1810 859 1943 905 Idem
1978 862 2160 911 Nonius
2193 864 2374 913 libruin

267 956 487 995 octavum
523 951 641 995 citat
682 951 731 1010 p.
752 1002 756 1006 ¹
779 954 877 1009 194
918 948 998 1013 (de
1039 949 1246 997 indiscr.
1273 953 1434 1009 gener.
1467 965 1511 997 v.
1544 947 1776 1011 balteus):
1819 948 2001 997 Accius
2020 953 2374 1001 didascalicon·

267 1037 392 1085 libro
434 1038 596 1086 VIII:
631 1039 932 1088 Auctoribus
966 1039 1245 1099 manuleos,
1277 1038 1472 1097 baltea,
1506 1039 1797 1088 machaeras.
1858 1040 1959 1087 ‘Pro
2006 1044 2290 1091 auctoribus
2319 1048 2373 1093 i’n

268 1131 486 1192 margine
526 1130 813 1192 exemplaris
854 1130 1157 1178 bibliothecae
1208 1130 1531 1180 universitatis
1572 1131 1733 1178 Haun.
1721 1166 1759 1191 .,
1828 1131 1954 1193 quod
2000 1130 2061 1179 G.
2112 1132 2186 1179 J.
2176 1132 2373 1194 vossii,

265 1219 457 1281 Marqu.
493 1220 665 1281 Gudii,
695 1222 766 1267 Jo.
801 1220 909 1269 Alb.
936 1221 1144 1268 Fabricii
1177 1219 1283 1282 fuit,
1318 1222 1612 1283 adscriptum
1648 1227 1739 1267 est:
1764 1219 1818 1281 f.
1855 1219 2165 1282 ductoribus,
2195 1223 2375 1271 deinde

266 1309 526 1356 manuleas
557 1311 865 1359 scribendum
892 1319 989 1372 est,
1042 1318 1098 1358 ut
1129 1311 1343 1361 Scheller
1376 1314 1428 1359 in
1455 1311 1611 1359 lexico
1640 1313 1846 1360 monuit.

445 1402 572 1448 Noni
595 1401 707 1449 libri
738 1405 831 1449 tria
852 1401 1122 1465 fragmenta
1150 1411 1277 1459 sunt,
1304 1405 1515 1465 primum
1543 1405 1671 1465 apud
1688 1403 1958 1451 Charisium
1974 1404 2056 1452 lib.
2076 1404 2114 1451 1.
2140 1419 2187 1466 p.
2209 1406 2371 1460 114Ῥ.

263 1488 447 1537 Accius
475 1507 667 1555 quoque
699 1492 1118 1539 didascalicorum
1151 1511 1309 1542 nono:
1365 1495 1501 1541 Nam
1535 1509 1686 1556 quam
1719 1493 1864 1540 ¹varia
1898 1494 1998 1539 sint
2025 1510 2213 1556 genera
2242 1511 2374 1557 poe-

259 1589 540 1637 matorum,
559 1582 731 1642 Baebi,
767 1598 1012 1646 quamque
1041 1584 1187 1646 longe
1214 1582 1450 1629 distincta
1480 1582 1544 1629 ab
1580 1582 1713 1637 aliis,
1745 1597 1891 1628 nosce
1901 1597 1921 1642 ,·
1955 1583 2376 1632 ubi·‘scribe'ndum

268 1678 372 1714 ests
392 1672 627 1714 distincta
659 1673 766 1713 alia
798 1673 863 1714 ab
890 1674 1007 1714 aliis
1022 1694 1044 1728 ,-
1079 1672 1282 1714 alterum
1309 1675 1438 1727 apud
1467 1673 1676 1714 eundem
1703 1679 1776 1713 est
1808 1671 1896 1714 lib.-
1920 1670 1978 1715 Π.
2010 1687 2062 1730 p.
2100 1671 2223 1730 1952.
2251 1674 2375 1720 Stal-

263 1757 368 1805 tim.
402 1757 583 1804 Accius
612 1757 664 1802 in
701 1755 1039 1801 didascalicon
1073 1755 1181 1800 IX:
1218 1754 1501 1816 Vectigalia
1544 1753 1770 1815 legerant
1815 1763 1982 1800 vestra
2022 1763 2080 1800 et.
2099 1760 2379 1808 'servantur-

263 1846 462 1904 statim5
484 1862 586 1908 pro
630 1844 821 1892 statute
860 1845 909 1891 e't
939 1842 1188 1891 ordinate.
1257 1844 1371 1892 Vox
1414 1843 1639 1906 legerant
1679 1850 1906 1904 corrupta
1949 1851 2055 1891 est..
2104 1846 2375 1903 Priscianus

265 1939 473 1999 denique
516 1952 563 1998 p.
599 1938 698 1991 603
740 1934 807 1982 P.'
836 1934 941 1981 h'aec
981 1934 1151 1982 habet:
1210 1933 1393 1982 Accius
1435 1932 1487 1980 in
1520 1934 1611 1980 IX
1634 1932 1971 1979 didascalicon
2000 1914 2192 1997 ⁷(graecis
2221 1938 2376 1988 literis

265 2027 496 2088 scriptum
532 2026 650 2091 est):
682 2033 731 2072 et
766 2022 1164 2087 magnificissime
1197 2023 1608 2086 excellissimeque
1641 2021 1858 2081 honore3
1901 2039 1991 2084 pro
2019 2025 2190 2086 quibus
2216 2027 2374 2077 Krehl

265 2132 292 2162 e
323 2117 460 2163 codd.
492 2116 635 2178 paulo
668 2116 838 2164 melius
873 2114 1072 2161 edidit:·.
1095 2113 1490 2177 magnificis'simi
1517 2110 1834 2171 excelsissimi
1866 2111 2078 2170 honore,
2126 2124 2257 2171 recte
2277 2118 2280 2122 ’
2298 2119 2376 2167 al...

265 2213 370 2253 tero
412 2207 648 2255 adiectivo
693 2212 891 2254 mutato.
960 2204 1056 2251 Sed
1097 2212 1275 2266 praete'r
1316 2205 1447 2266 haec',
1516 2219 1624 2268 quae
1660 2203 1946 2250 nominatim
1991 2218 2020 2250 e
2055 2204 2373 2260 didascalicon

262 2297 397 2345 libris
432 2300 653 2358 citantur,
689 2298 859 2343 eodem
894 2297 1137 2357 pertinere
1167 2304 1299 2343 recte
1328 2297 1603 2343 iudicantur
1630 2295 1666 2340 ii
1698 2301 1915 2341 veterum
1945 2295 2232 2356 scriptorum
2264 2298 2372 2362 lobi,

265 2388 348 2433 ubi
377 2388 433 2433 L.
469 2386 588 2434 Attii
622 2387 925 2444 testimonie,
957 2401 1051 2430 nou
1090 2388 1339 2432 nominato
1368 2386 1508 2445 libro,
1541 2391 1770 2446 tanquam
1800 2384 1850 2429 in
1886 2398 1940 2428 re
1973 2399 2071 2431 non
2105 2388 2291 2451 ignota,
2319 2392 2372 2439 in

263 2477 434 2535 rebus,
472 2494 577 2538 quae
608 2479 669 2523 ad
695 2492 853 2522 scenae
882 2475 1130 2520 historiam
1161 2483 1404 2534 spectant,
1447 2481 1664 2519 utuntur.
1733 2472 1898 2532 Itaque
1926 2477 2057 2521 recte
2089 2475 2371 2527 Vossius'in

263 2566 389 2612 libro
424 2568 484 2611 de
517 2567 918 2631 poetis'hafiniS,
972 2581 1000 2609 a
1030 2581 1122 2624 quo
1165 2580 1264 2609 non
1308 2564 1605 2609 dissensisset
1648 2561 1865 2621 Ba'ylius,
1925 2565 1966 2608 si
2009 2566 2120 2610 satis
2162 2570 2374 2616 rationes

265 2673 374 2702 suas
407 2656 609 2704 Vossius
637 2657 962 2717 exposuisset,
1011 2654 1073 2700 ad
1117 2653 1204 2700 hos
1239 2653 1386 2700 libros
1428 2652 1614 2710 retulit,
1674 2663 1794 2713 quae'
1815 2668 1843 2697 a
1871 2652 2102 2701 Cicerone
2133 2657 2186 2703 i'n
2215 2657 2371 2705 Bruto
2428 2702 2431 2704 ,

265 2748 329 2793 de
365 2749 487 2793 miro
518 2763 685 2802 errore
720 2746 840 2792 Attii
865 2748 917 2791 in
952 2751 1173 2804 tempore
1209 2746 1379 2803 primae
1415 2744 1613 2788 actionis
1647 2744 1847 2788 scenicae
1883 2746 2217 2793 constituendo
2246 2747 2372 2793 scri-

263 2843 351 2898 pta
383 2844 497 2883 sunt
530 2853 567 2882 c.
605 2844 683 2895 18,
721 2843 809 2890 72:
844 2834 1017 2884 Attius
1050 2842 1219 2880 autem
1252 2850 1287 2879 a
1324 2833 1383 2891 Q.
1416 2830 1642 2892 Maximo
1676 2832 1899 2896 quintum
1934 2835 2132 2885 consule
2166 2836 2370 2896 caPtum

275 2929 491 2977 Tarento
525 2926 723 2989 scripsit
750 2925 982 2983 Livium,
1024 2924 1172 2974 annis
1201 2924 1356 2974 XXX
1381 2932 1525 2988 post,
1556 2940 1708 2988 quam
1734 2940 1847 2972 eum
1869 2923 2113 2983 fabulam
2146 2923 2367 2973 docuisse
