2608 3602
2263 243 2295 290 5

258 375 474 436 quorum·
492 374 662 434 ips‘am·
678 376 836 430 artem
868 368 1237 430 disputandique
1267 372 1418 429 genus
1443 383 1547 415 non.
1576 367 1874 416 mediocrem
1900 370 1998 417 vim
2027 369 2256 418 habuisse
2282 377 2359 420 vi·-

257 466 444 523 detur,
481 464 609 525 quod
640 458 1090 518 non-multiplicem·
1111 463 1252 504 usum
1286 459 1651 520 liberi-imosque
1669 461 1987 520 ingeniorum
2019 471 2242 523 conatuS,
2297 478 2359 520 ne

254 554 462 614 amplam
499 553 1148 613 quidem¹monumentor2um
1167 552 1431 595 materiam
1455 547 1568 592 ‘haec
1602 552 1757 595 studia
1790 551 2049 597 subsecuta
2073 559 2217 611 ,sunt3
2270 568 2358 599 eo·—

255 645 461 704 dem'que
490 644 724 702 pertinet,
757 640 882 700 qu'od
914 638 1045 698 apud
1073 636 1348 695 Romanos,
1375 638 1417 682 si
1445 654 1475 683 a
1503 636 1751 683 literarum
1784 642 1943 686 initiis
1964 650 2154 702 tempus
2183 658 2361 687 nume-—

252 748 440 791 ramus,
499 730 731 777 maturius
756 728 907 776 multo
934 741 1090 790 quam·
1109 726 1238 785 apud
1268 725 1466 773 Graecos
1502 727 1594 786 ipsi
1625 742 1787 773 rerum
1820 735 2061 788 gestarum
2094 732 2359 778 narrationi

255 823 553 877 adiunctum.
581 827 655 867 est
697 819 937 881 peculiare
977 817 1285 877 antiquorum
1321 818 1652 864 institutorum
1684 818 1963 880 rituumque
1997 822 2356 880 cognoscendo-—

253 913 363 957 rum
384 917 434 957 et
454 910 873 959 describendorum
895 906 1122 954 studium.
1163 904 1305 952 Nunc
1329 907 1519 970 quidem
1544 912 1816 968 temporum
1835 908 2011 956 iniuria
2037 910 2191 972 magis
2212 910 2358 957 etiam

252 1008 420 1062 patere
436 1002 622 1049 videtur
641 1002 745 1048 haec
756 1000 1042 1069 Graecarum·
1056 995 1434 1059 Latinarumque
1453 997 1703 1045 literarum
1727 1000 1990 1058 diversitas,
2010 1003 2155 1062 quod,
2172 1000 2359 1047 amissis

247 1092 508 1151 superioris
533 1093 686 1136 aetatis
717 1089 1055 1145 monumentiS,
1086 1088 1126 1131 si
1161 1102 1190 1131 a
1215 1087 1408 1132 Catonis
1443 1089 1503 1132 de
1539 1086 1831 1146 agricultura
1861 1088 2025 1134 libello
2055 1091 2356 1147 discedimu8‚

251 1195 433 1239 eorum,
464 1197 667 1241 quorum
692 1195 836 1239 opera
857 1193 1003 1238 prosa
1026 1178 1241 1222 oratione
1265 1179 1442 1236 scripta
1475 1184 1681 1230 exstant,
1708 1179 2064 1238 antiquissimus
2080 1179 2238 1225 V-arro
2266 1186 2355 1231 est,

249 1271 548 1330 grammatici
565 1271 722 1329 operis
749 1261 929 1314 auctor.
960 1264 1154 1326 Augent
1175 1273 1335 1313 autem
1357 1266 1430 1310 rei
1449 1266 1829 1325 admirationem,
1857 1268 1939 1328 qui
1957 1266 2218 1326 literarum,
2250 1283 2356 1328 quae

244 1363 362 1403 ante
395 1358 637 1405 Ciceronis
667 1359 858 1404 aetatem
892 1355 1110 1415 fuerunt,
1168 1354 1379 1402 historiae
1408 1356 1694 1416 imaginem,
1744 1361 1801 1402 ut
1826 1355 1881 1403 fit
1919 1354 2022 1403 fere
2054 1357 2105 1403 in
2132 1357 2190 1403 iis
2223 1363 2354 1402 tem-

247 1447 444 1507 poribus
476 1447 876 1507 contemplandis,
910 1460 1112 1508 quorum
1142 1452 1253 1492 rara
1286 1452 1597 1491 monumenta
1633 1452 1848 1506 exstant,
1882 1448 2023 1494 nimis
2054 1446 2356 1505 contrahunt,

247 1552 339 1584 nec
375 1538 781 1596 animadvertunt,
825 1536 989 1597 plures
1034 1534 1117 1581 illo
1160 1541 1435 1596 temporum
1484 1537 1639 1596 spatio
1685 1537 1799 1583 inde
1832 1555 1861 1584 a
1894 1538 2033 1585 Livio
2076 1535 2354 1584 Andronico

248 1628 488 1674 contineri
518 1629 655 1688 quasi
684 1633 881 1672 aetatum
911 1626 1257 1683 successiones,
1292 1625 1462 1685 quibus
1497 1627 1757 1673 admodum
1790 1629 1976 1674 diversa
2008 1627 2156 1674 fuerit
2187 1627 2356 1674 litera-

245 1731 355 1763 rum
386 1714 555 1761 forma.
625 1715 721 1758 Sed
753 1705 931 1758 maturi
964 1714 1106 1757 huius
1142 1715 1423 1757 eruditionis
1458 1716 1604 1760 'studii
1641 1716 1916 1771 exemplum
1957 1719 2118 1764 neseio
2143 1734 2208 1765 an
2238 1715 2354 1765 nul-

244 1804 347 1848 lum
394 1803 456 1845 sit
499 1799 754 1844 notabilius
790 1798 1012 1857 quodque
1044 1795 1196 1853 magis
1241 1807 1324 1850 ea,
1382 1785 1510 1854 *quae
1555 1797 1683 1854 dixi,
1743 1798 1980 1858 declaret,
2056 1816 2227 1862 quam,
2292 1802 2352 1847 de

247 1908 342 1953 quo
374 1891 467 1936 hoc
508 1888 615 1933 loco
652 1889 817 1947 paucis
859 1887 1093 1932 disserere
1132 1883 1382 1940 constitui,
1451 1885 1581 1943 quod
1623 1886 1675 1930 id
1708 1886 1886 1946 insigni
1932 1903 2097 1934 errore
2136 1890 2352 1937 nonnulli

242 1979 415 2027 tollere
448 1978 666 2035 student,
709 1975 765 2024 L.
796 1973 941 2034 Attii,
973 1980 1130 2034 poetae
1161 1972 1354 2032 tragici,
1394 1972 1496 2018 sine
1530 1973 1677 2020 dubio
1710 1976 1841 2022 inter
1872 1979 2092 2039 antiquos
2127 1982 2349 2040 ponendi,

248 2070 382 2116 cuius
416 2074 634 2127 tempore
667 2065 881 2111 nondum
915 2063 1077 2125 poesis
1101 2061 1288 2108 Latinae
1321 2059 1477 2108 forma
1511 2065 1771 2111 constituta
1804 2073 1932 2125 erat,
1986 2068 2038 2114 in
2069 2068 2231 2116 multis
2262 2086 2349 2132 ge-

246 2159 441 2204 neribus
485 2156 650 2203 tenuia
692 2161 879 2201 tantum
916 2154 1052 2200 initia
1093 2151 1235 2199 facta.
1256 2148 1298 2214 1)
1399 2151 1445 2197 Is
1491 2154 1621 2200 enim
1662 2153 2003 2202 didascalicon
2036 2157 2185 2205 libros
2225 2161 2351 2205 scri-

338 2304 375 2347 1)
420 2302 479 2336 De
514 2302 627 2337 rebus
660 2300 760 2336 Attii
798 2300 898 2335 nihil
934 2307 1010 2342 est,
1060 2299 1163 2345 quod
1197 2299 1338 2341 dicam;
1386 2311 1511 2346 neque
1537 2302 1637 2336 enim
1665 2300 1873 2339 refellenda
1901 2313 1958 2339 est
1981 2308 2112 2350 opinio
2135 2308 2300 2351 primum
2325 2319 2346 2341 a

416 2363 556 2408 Baylio
587 2364 703 2407 (Dict.
730 2365 892 2408 critique
918 2373 948 2400 s,
972 2372 1011 2396 v.
1033 2363 1188 2404 Accius)
1213 2364 1327 2404 iacta,
1375 2374 1486 2408 quam
1514 2362 1560 2398 ab
1582 2365 1666 2408 ipso
1692 2375 1797 2410 paene
1825 2376 1992 2401 eversam
2016 2368 2082 2402 alii
2108 2366 2261 2412 quidam
2284 2378 2344 2402 re-

417 2433 628 2469 coxerunt,
676 2428 814 2471 nuperi
837 2434 991 2470 quoque
1014 2425 1133 2459 lexici
1161 2424 1427 2459 Forceuiniaui
1454 2424 1619 2460 editores
1648 2424 1824 2462 Germani
1857 2427 1903 2463 ab
1930 2429 2023 2464 Italo
2047 2430 2247 2475 petendam
2270 2441 2347 2476 pu-

413 2494 553 2528 tarunt,
578 2488 624 2521 de
649 2486 798 2521 duobus
823 2485 938 2521 Attiis
963 2488 1085 2531 poetis
1108 2496 1177 2530 pro
1206 2496 1264 2528 e0,
1288 2497 1400 2530 quem
1425 2493 1570 2522 veteres
1596 2498 1742 2533 semper
1766 2490 1988 2534 simpliciter
2014 2489 2055 2524 L.
2078 2489 2227 2526 Attium
2255 2502 2344 2536 poe-

417 2556 494 2583 tam
521 2549 722 2593 appellant,
746 2549 786 2581 in
811 2558 923 2591 quem
948 2549 1073 2581 omnia
1102 2548 1242 2591 optime
1266 2550 1508 2581 conveniunt.
1556 2548 1675 2584 Natus
1700 2558 1791 2593 erat,
1815 2557 1910 2585 teate
1933 2550 2182 2596 Hieronymo,
2206 2563 2293 2589 ειμι.
2312 2562 2346 2586 c.

414 2613 484 2651 584
512 2612 558 2653 (a.
586 2608 652 2645 Ch.
680 2613 749 2648 170
772 2607 949 2643 Mancino
977 2616 1016 2643 et
1042 2606 1204 2642 Serrano
1225 2607 1360 2651 coss.);
1390 2611 1524 2653 vitam,
1559 2618 1603 2645 ut
1626 2622 1677 2645 ex
1704 2611 1831 2647 Valet.
1853 2610 1959 2646 Max.
1983 2613 2050 2656 111,
2071 2617 2107 2654 7,
2132 2618 2174 2651 11
2201 2613 2346 2648 intelli-

416 2675 531 2715 gitur,
557 2681 603 2704 eo
627 2680 749 2714 usque
774 2670 979 2714 produxit,
1005 2677 1048 2704 ut
1069 2669 1216 2703 Julium
1240 2667 1415 2702 Caesarem
1442 2668 1599 2713 viderit,
1622 2683 1720 2714 non,
1744 2680 1789 2706 ut
1811 2675 1988 2718 imperite
2016 2682 2103 2719 post
2125 2675 2217 2708 alios
2237 2682 2348 2719 putat

413 2730 540 2765 Bothe
566 2731 728 2773 (Fragm.
753 2730 902 2773 Tragic.
926 2729 1005 2767 Lat.
1026 2733 1067 2764 in
1091 2730 1167 2764 vol.
1192 2729 1240 2765 V.
1265 2729 1369 2765 Poet.
1393 2727 1503 2765 Sceu.
1530 2729 1610 2765 Lat.
1634 2743 1670 2775 p.
1695 2734 1801 2775 157),
1841 2733 2080 2775 dictatorem,
2115 2735 2180 2768 sed
2206 2734 2248 2769 C.
2271 2736 2343 2771 ,Ια-

412 2791 510 2826 lium
534 2789 711 2825 Caesarem
735 2788 958 2825 Strabonem
986 2789 1207 2837 Vopiscum,
1231 2797 1417 2825 oratorem
1446 2798 1484 2825 et
1508 2799 1655 2835 poetam
1680 2795 1878 2838 tragicum,
1904 2798 1971 2839 qui
1993 2806 2025 2832 a.
2053 2806 2091 2830 u.
2114 2806 2149 2831 c.
2172 2798 2245 2836 667
2268 2798 2342 2839 (87)

415 2852 590 2887 aedilitius
615 2854 740 2895 periit.
787 2848 994 2893 Convenit,
1038 2852 1141 2896 quod
1168 2850 1298 2886 Cicero
1323 2861 1361 2885 se
1386 2851 1659 2887 adolescentem
1686 2864 1774 2889 cum
1799 2865 1845 2889 eo
1872 2857 2005 2901 saepius
2030 2857 2263 2891 collocutum
2286 2859 2342 2892 si-

415 2912 568 2960 gnificat
603 2912 726 2955 (Brut.
751 2915 819 2955 28,
842 2914 938 2957 107),
958 2920 1012 2955 ut,
1037 2917 1069 2949 si
1094 2926 1115 2949 a
1141 2913 1320 2950 Cicerone
1343 2916 1479 2958 viginti
1503 2926 1622 2951 anuos
1645 2923 1734 2951 nato
1759 2917 1912 2952 auditus
1936 2924 2003 2963 est,
2029 2919 2114 2964 plus
2138 2930 2249 2963 quam
2275 2930 2321 2952 oc

416 2977 559 3022 toginta
589 2983 707 3010 anuos
734 2975 888 3010 vixerit.
