2608 3602
331 180 396 235 16

268 322 467 368 modum
503 325 552 363 et
588 333 700 363 cum
732 314 918 377 reliqua
953 331 1109 363 scenae
1131 314 1334 362 historia
1354 315 1623 375 coniuncta,
1651 323 1813 363 tamen
1835 318 1967 364 nulla
1990 327 2066 366 est
2086 337 2251 383 causa,
2287 343 2374 374 cur
2425 312 2439 324 ¹

270 411 330 456 ab
351 407 485 455 Attio
518 423 630 452 eum
660 407 894 452 committi
926 407 1140 465 potuisse
1176 422 1421 467 negemuS‚
1457 406 1517 450 ab
1553 405 1647 451 alio
1679 415 1839 452 autem
1872 409 2014 453 docto
2045 410 2254 472 homine,
2290 419 2374 477 qui

267 503 317 545 in
349 499 584 544 eiusmodi
611 499 752 543 rebus
786 498 1056 556 quaerendis
1088 504 1137 541 et
1170 497 1433 541 scribendis
1461 497 1702 556 singulare
1735 500 1946 543 studium
1977 504 2237 562 posuisset,
2272 520 2373 551 non

266 590 407 649 longe
440 589 502 634 ab
538 588 706 632 eodem
739 592 959 646 tempore
993 586 1301 631 commissum
1338 587 1572 646 dicamus3
1636 601 1794 647 neque
1841 590 1969 634 enim
1997 596 2188 651 tempus
2217 594 2375 640 inter-

266 681 442 724 iectum
476 680 615 723 inter·
638 674 851 733 Attium,
895 677 975 736 qui
1004 676 1245 720 Ciceronis
1279 682 1471 720 aetatem
1507 689 1655 721 senex
1689 678 1870 736 attigit,
1909 685 1959 724 et
1986 679 2189 726 alterum
2221 681 2374 742 iilum,

269 770 352 830 qui
398 767 644 828 aliquanto
696 771 808 808 ante
854 766 1097 809 Ciceronis
1141 764 1349 809 Brutum
1403 766 1729 826 Varronisque
1777 764 1956 812 librum
2006 770 2066 814 de
2115 774 2374 819 comoediis

266 858 502 903 Plautinis
535 856 716 899 editum
751 855 998 913 scripsisse
1032 854 1304 914 putabitur,
1338 861 1525 900 tantam
1568 858 1640 902 rei
1671 857 2021 917 ignorationem
2054 860 2246 907 adferre
2280 878 2377 923 po-

269 949 374 993 tuit.
471 946 600 990 Rem
636 943 850 1002 conficit,
918 946 1045 1005 quod
1078 960 1176 989 non
1208 959 1236 989 a
1271 944 1374 989 solo
1407 943 1566 1005 Attio,
1630 947 1716 991 sed
1748 946 1808 991 ab
1843 945 1938 991 alio
1972 950 2206 1008 scriptore
2241 952 2376 998 eius-

270 1036 379 1082 dem
424 1034 529 1082 fere
579 1036 736 1080 aetatis
770 1035 822 1080 in
856 1050 915 1079 ea
948 1050 1002 1080 re
1047 1040 1259 1079 erratum
1305 1035 1560 1080 ostendere
1602 1051 1812 1094 possum.
1844 1083 1847 1086 ,
1880 1026 1979 1081 Sed
2009 1040 2256 1085 'notandus
2304 1048 2377 1087 est

271 1133 413 1172 antea
444 1123 564 1171 alius
598 1122 783 1169 Osanni
819 1139 978 1182 error,
1021 1124 1102 1183 qui
1134 1123 1236 1183 ipse
1278 1124 1329 1169 in
1360 1122 1452 1170 hac
1486 1125 1546 1170 de
1576 1125 1732 1184 prima
1763 1122 1928 1171 fabula
1963 1127 2092 1186 apud
2125 1125 2376 1176 Romanos

269 1224 377 1262 acta
411 1214 675 1276 quaestione
708 1229 807 1260 non
841 1212 989 1260 semel
1015 1211 1208 1259 labitur.
1273 1210 1381 1260 Alia
1412 1221 1525 1274 post
1550 1214 1843 1276 videbimus3
1883 1231 2012 1263 nune
2042 1215 2150 1263 hoc.
2223 1217 2379 1276 Quae-

266 1305 353 1364 rit,
383 1303 557 1366 quibus
589 1302 715 1349 ludis
747 1302 829 1349 illa
858 1302 1024 1349 fabula
1057 1309 1164 1349 acta
1198 1304 1275 1363 sit,
1299 1318 1403 1349 rem
1438 1285 1520 1350 vix
1555 1305 1886 1364 quaerendam3
1919 1306 2007 1352 sed
2040 1311 2204 1352 tamen
2236 1305 2378 1353 Atei-

268 1408 375 1452 um,
420 1395 473 1439 in
506 1400 724 1453 tempore
755 1393 955 1453 falsum,
987 1395 1149 1439 nescio
1181 1409 1266 1439 cur
1299 1393 1525 1438 ludorum
1559 1409 1739 1439 nomen
1772 1400 1903 1439 recte
1938 1396 2143 1440 edidisse
2171 1397 2376 1455 iudicat3

268 1491 424 1530 actam
450 1485 598 1545 igitur
625 1482 838 1530 fabulam
873 1483 999 1530 ludis
1024 1484 1302 1543 IuventatiS,
1337 1484 1418 1544 qui
1447 1484 1760 1530 anniversarii
1784 1482 1977 1529 fuerint.
2046 1482 2230 1531 Verum
2257 1484 2379 1531 nussi

269 1589 479 1633 unquam
516 1572 621 1618 ludi
656 1575 971 1619 anniversarii
997 1574 1257 1619 Iuventatis
1290 1571 1515 1632 fuerunt3
1569 1572 1660 1617 alia
1705 1579 1818 1618 sunt
1861 1574 1989 1619 enim
2023 1588 2172 1618 sacra
2200 1573 2377 1620 Iuven—

270 1663 403 1717 tatis,
465 1677 573 1718 quae
608 1677 670 1703 ex
693 1662 934 1702 Ciceronis
969 1662 1028 1703 ad
1060 1659 1159 1701 Att.
1188 1660 1223 1703 I.
1261 1674 1335 1714 ep.
1371 1667 1435 1708 18
1468 1660 1564 1701 huc
1594 1659 1845 1715 transfert,
1903 1660 2100 1720 ludique
2129 1660 2376 1708 Iuvenales

268 1765 298 1794 a
333 1748 531 1793 Nerone
577 1748 870 1805 imperatore
914 1746 1150 1804 instituti3
1229 1745 1439 1804 satisque
1484 1751 1648 1802 aperte
1691 1744 1799 1802 ille,
1864 1762 2008 1806 quem
2049 1746 2242 1794 Ateium
2284 1750 2375 1809 pro

269 1835 403 1884 Attio
449 1833 680 1897 appellat,
714 1832 905 1882 votivos
935 1832 1073 1880 ludos
1106 1838 1306 1894 propter
1338 1832 1584 1880 victoriam
1617 1839 1749 1879 actos
1785 1833 1931 1890 dixit,
1998 1841 2054 1882 ut
2086 1837 2129 1883 si
2158 1837 2209 1883 in
2244 1835 2376 1885 aliud

268 1934 462 1987 tempus
494 1942 570 1972 res
603 1927 906 1983 reiiceretur,
967 1925 1112 1970 etiam
1151 1923 1253 1969 ludi
1293 1922 1371 1969 alii
1405 1923 1650 1984 quaerendi
1684 1930 1855 1972 essent.
1916 1923 2009 1982 ¹Ne
2036 1927 2135 1972 voti
2169 1927 2377 1987 quidem,

274 2018 464 2077 opinor,
531 2014 617 2061 ulli
663 2020 804 2060 antea
836 2014 1073 2060 Iuventati
1110 2011 1237 2069 ludi,
1305 2013 1381 2057 cui
1408 2011 1550 2057 simul
1582 2026 1643 2057 ex
1669 2012 1838 2057 eodem
1870 2012 1954 2058 illo
1980 2021 2092 2061 voto
2125 2016 2253 2061 aedes
2284 2017 2371 2062 de-
2428 2043 2432 2047 >

272 2107 427 2152 dicata
459 2105 709 2165 cultusque
742 2105 1026 2150 constitutus
1063 2109 1150 2149 est.
1217 2101 1379 2148 Testis
1412 2107 1483 2147 est
1519 2101 1591 2147 rei
1624 2100 1786 2148 Livius
1821 2100 1930 2148 hist.
1952 2102 2036 2149 lib.
2053 2102 2282 2165 XXXVI,
2308 2107 2375 2160 36

271 2193 312 2257 ᾗ.
349 2201 393 2249 5.
427 2197 474 2248 6.
576 2194 672 2239 Sed
715 2208 743 2238 a
776 2192 914 2239 Livio
958 2191 1059 2238 ludi
1100 2191 1169 2238 illi
1204 2206 1266 2237 ex
1301 2190 1580 2236 Salinatoris
1611 2196 1723 2236 voto
1755 2206 1875 2250 non,
1930 2197 1986 2237 ut
2017 2191 2076 2237 ab
2109 2191 2270 2254 Attio,
2320 2194 2374 2241 C.

270 2284 519 2344 cornelio,
570 2282 630 2340 Q.
659 2282 876 2329 Minucio
906 2299 1025 2328 coss.
1055 2299 1096 2328 a.
1131 2287 1230 2336 557
1258 2298 1295 2327 s.
1332 2285 1429 2339 197
1461 2278 1578 2326 facti
1611 2283 1889 2341 narrantur,
1956 2283 2040 2329 sed
2067 2282 2122 2329 P.
2151 2283 2373 2330 Cornelio

273 2376 494 2435 Scipione
533 2373 734 2431 Nasica,
798 2371 881 2417 Μ’.
923 2370 1073 2417 Acilio
1110 2371 1373 2417 Glabrione
1417 2385 1536 2415 coss,
1579 2385 1620 2418 a.
1660 2372 1757 2423 563
1799 2385 1835 2418 S.
1882 2378 1992 2429 191.
2059 2371 2244 2419 Eodem
2282 2389 2376 2420 au-

273 2472 374 2511 tem
418 2480 544 2511 anno
588 2462 725 2509 ludos
773 2462 836 2507 ob
881 2461 1226 2507 dedicationem
1267 2461 1383 2504 aedis
1423 2458 1593 2503 Matris
1632 2458 1823 2519 Magnae
1854 2460 1993 2505 Idaeae
2020 2460 2171 2507 factos
2208 2462 2375 2521 refert,

275 2570 421 2617 quos,
488 2554 667 2612 inquit,
729 2549 926 2612 primos
977 2548 1192 2595 scenicos
1243 2546 1443 2606 fuisse,
1518 2545 1702 2594 Antias
1754 2547 1988 2594 Valerius
2043 2558 2119 2595 est
2173 2559 2364 2606 auctor,

277 2623 557 2705 Megalesia
606 2639 914 2702 adpellatos,
958 2654 1065 2700 quae
1113 2638 1261 2685 verba
1311 2636 1452 2684 aliam
1495 2638 1776 2684 sententiam
1821 2654 1920 2685 non
1971 2638 2177 2700 habent,
2231 2656 2376 2704 quam

274 2732 365 2778 hos
414 2731 552 2777 ludos
608 2731 791 2791 primos
834 2730 1033 2787 omnino
1088 2728 1302 2773 scenicos
1345 2726 1516 2785 fuisse,
1591 2726 1852 2787 adpellatos
1903 2735 2063 2775 autem
2105 2728 2377 2791 Megalesia,

273 2828 330 2868 ut
388 2822 541 2867 maior
601 2822 745 2866 etiam
810 2836 896 2866 sex
948 2820 1087 2865 annis
1140 2818 1203 2863 sit
1256 2815 1437 2863 Valerii
1496 2832 1654 2876 error,
1721 2833 1863 2879 quam
1911 2815 2054 2880 Attii;
2122 2834 2212 2865 nec
2261 2817 2375 2864 licet

273 2928 383 2959 cum
429 2908 627 2958 Dukero
690 2910 772 2973 (ad
803 2910 906 2959 Liv.
944 2907 1185 2968 XXXIV,
1219 2911 1309 2966 54,
1343 2904 1393 2970 3)
1461 2923 1566 2955 eam
1606 2915 1803 2972 tantumn
1833 2925 1935 2957 rem
1979 2927 2009 2956 a
2042 2908 2236 2957 Valerio
2269 2913 2375 2954 tra-
