2608 3602
303 195 368 243 22

236 338 294 377 ut
337 329 389 375 in
420 328 478 373 iis
512 325 573 371 de
606 338 752 370 scena
794 329 846 369 et
878 321 1023 367 rebus
1057 321 1258 366 scenicis
1291 320 1520 380 scriptum
1549 319 1710 366 fuerit.
1781 319 2013 367 Versibus
2057 330 2345 386 compositos

238 418 384 465 fuisse
399 449 413 474 ,
444 418 579 461 cuius
612 414 785 461 formae
817 414 867 457 in
903 409 1049 456 simili
1094 417 1380 470 argumento
1434 409 1656 469 exempla
1697 411 1794 456 iam
1840 412 2070 471 vidimus,
2137 419 2346 464 ostendit

236 506 564 569 fragmentum
600 506 727 564 apud
754 502 879 548 Non.
912 516 960 561 p.
987 507 1099 560 150,
1133 502 1263 561 quod
1299 500 1484 546 duobus
1512 499 1731 547 versibus
1765 503 2057 548 tetrametris
2090 503 2346 551 trochaicis

240 595 524 644 catalecticis
565 598 772 640 constat:

543 683 610 730 Et
632 698 691 729 eo
710 681 988 743 plectuntur
1006 683 1188 741 poetae,
1217 694 1363 740 quam
1386 695 1474 726 suo
1495 680 1609 728 vitio
1622 712 1636 738 ‚
1676 680 1868 740 saepius,

544 758 894 825 Ductabilitate
923 771 1071 817 nimia
1092 775 1253 816 vestra
1274 776 1358 816 aut
1378 769 1765 831 perperitudine3

243 864 377 929 (nam
408 877 497 909 suo
529 879 619 923 pro
648 879 748 909 una
779 860 968 922 syllaba
1004 867 1100 919 est3
1136 860 1281 905 tertia
1307 861 1439 907 vocis
1472 858 1814 905 ductabilitate
1836 858 2022 919 syllaba
2044 864 2144 910 ictu
2160 864 2346 924 produ-

245 954 367 1001 citur
379 949 415 1013 3)
440 967 531 1001 nec
555 953 759 1001 obscura
779 958 895 999 sunt
925 952 1026 999 eius
1054 950 1199 996 metri
1218 950 1418 1011 vestigia
1437 951 1489 996 in
1511 949 1663 997 altero
1684 949 1985 1011 fragmento,
2020 956 2147 1014 quod
2179 956 2346 1001 eodem

241 1041 349 1090 loco
372 1041 570 1091 affertur
591 1043 722 1108 (libri
739 1057 969 1090 numerus
991 1056 1079 1086 nec
1101 1041 1152 1086 in
1172 1038 1266 1085 hoc
1285 1055 1374 1086 nec
1397 1040 1449 1086 in
1470 1042 1631 1101 priore
1654 1038 1890 1102 notatur):
1930 1069 1934 1073 -

946 1130 1235 1176 Describere
1253 1130 1304 1176 in
1327 1129 1518 1176 theatro
1539 1143 1767 1191 perperos

810 1220 1078 1281 Popularis.

419 1309 547 1357 Nam
583 1311 713 1373 quod
743 1324 806 1356 ex
838 1312 996 1372 primo
1027 1309 1153 1357 libro
1186 1311 1361 1356 citatur
1401 1324 1448 1371 p.
1486 1311 1607 1371 156,
1646 1316 1927 1372 corruptum
1960 1313 2068 1373 est,‘
2089 1313 2157 1360 ita
2174 1319 2352 1373 tamen,

246 1409 302 1446 ut
333 1407 549 1446 extrema
576 1400 719 1448 facile
748 1402 1092 1459 emendentur,
1136 1416 1227 1462 pro
1260 1399 1497 1461 hominis,
1532 1401 1659 1463 quod
1677 1399 1822 1463 vulgo
1854 1400 2059 1464 legitur,
2091 1403 2349 1451 substituto

244 1490 483 1537 nominis:

949 1583 1017 1628 Et
1038 1589 1210 1627 cuncta
1228 1581 1333 1627 fieri
1355 1589 1515 1628 cetera

510 1668 753 1710 Imbecilla
772 1668 813 1727 -1-
830 1687 929 1711 non
957 1672 1081 1727 quod
1105 1671 1460 1725 ponde-ritatem
1479 1669 1861 1729 gravitatemque
1879 1671 2100 1715 nominis.

247 1758 472 1803 Fortasse
503 1755 762 1816 legendum
799 1762 894 1798 est:
943 1754 1200 1799 Imbecilla
1232 1754 1289 1797 ob
1319 1754 1702 1814 ponderitatem.
1791 1754 1866 1816 (In
1899 1758 2115 1817 margine
2147 1760 2352 1819 exempl.

247 1840 364 1893 bibl.
394 1847 522 1892 univ.
553 1861 644 1905 pro
670 1844 805 1905 quod
829 1845 1124 1904 adscriptum
1152 1851 1224 1888 est
1246 1841 1342 1903 ob.)
1399 1841 1543 1904 Apud
1574 1843 1787 1889 Gellium
1823 1844 1958 1906 (XX,
1991 1844 2042 1907 3)
2071 1845 2352 1893 sicinnistas

248 1937 474 1999 (quorum
500 1941 602 1981 erat
630 1949 780 1995 genus
800 1935 1041 1996 quoddam
1061 1932 1326 1980 saltationis
1346 1931 1564 1996 scenicae)
1583 1930 1740 1981 Attius
1762 1950 2157 1983 commemorasse
2178 1952 2352 1984 narra-

249 2032 331 2071 tur
365 2025 635 2086 dixisseque
669 2023 934 2086 appellatos

950 2111 1184 2161 nebuloso
1221 2112 1430 2160 nomine.

425 2349 522 2374 coss.
546 2341 621 2373 iam
645 2342 810 2378 constat,
840 2346 987 2370 annone
1012 2340 1083 2377 514
1109 2348 1155 2370 an
1178 2338 1248 2376 513
1274 2342 1353 2370 acta
1376 2337 1446 2380 sit,
1497 2345 1618 2381 coque
1644 2334 1867 2381 deducitur,
1906 2344 1969 2381 ut,
2005 2342 2184 2383 quoniam
2211 2340 2355 2376 Ennius

427 2407 537 2436 natus
562 2399 679 2434 suerit
706 2411 739 2436 a.
761 2400 832 2438 514
854 2395 1024 2432 Mamilio
1051 2406 1087 2432 ct
1113 2397 1268 2431 Valerio
1298 2408 1415 2439 coss„
1441 2400 1472 2432 is
1497 2404 1621 2432 autem
1646 2405 1755 2432 natus
1778 2398 1945 2434 tradatur
1970 2411 2068 2434 anno
2090 2409 2176 2445 post
2199 2406 2356 2446 primam

428 2460 613 2503 fabulam,
639 2473 673 2495 a.
694 2463 765 2501 513
788 2465 907 2493 actam
933 2465 1081 2501 statuat,
1105 2468 1382 2502 numerumque
1405 2461 1447 2493 in
1472 2456 1592 2492 Bruto
1617 2456 1808 2494 Ciceronis
1836 2467 1874 2494 et
1896 2460 2011 2496 alium
2039 2463 2080 2496 iu
2101 2460 2240 2497 Catone
2268 2474 2356 2497 mu-

429 2529 506 2563 tet;
545 2525 678 2566 eique,
728 2532 809 2566 quae
833 2518 930 2552 mihi
956 2529 1065 2554 causa
1094 2519 1273 2553 monendi
1298 2518 1395 2562 fuit,
1443 2521 1701 2553 assentiuntur
1724 2518 1849 2565 Lange
1872 2520 1989 2558 vind.
2012 2521 2124 2566 Trag.
2148 2522 2257 2560 Rom.
2277 2535 2315 2568 p.
2332 2529 2357 2563 4

427 2590 508 2617 not.
533 2587 556 2622 5
579 2589 616 2616 et
641 2581 839 2616 Weichert
865 2579 911 2614 de
937 2579 1061 2614 Laevio
1086 2591 1124 2625 p.
1150 2582 1207 2619 48.
1257 2579 1449 2623 Ignoravit
1472 2581 1603 2624 igitur,
1627 2581 1695 2624 qui
1722 2579 1767 2615 de
1792 2580 2039 2627 chronologia
2074 2583 2263 2628 disputare
2286 2596 2358 2619 vo·-

426 2644 523 2687 luit,
556 2643 655 2676 nihil
679 2646 778 2677 iuter
803 2641 883 2675 haec
901 2642 1109 2681 interesse3
1151 2652 1200 2674 ex
1225 2640 1461 2674 varroniana
1483 2643 1650 2683 ratione,
1685 2652 1797 2685 quam
1822 2641 1973 2677 Atticus
2002 2650 2039 2677 et
2060 2642 2192 2679 Cicero
2224 2655 2359 2690 seque·

424 2704 577 2744 bantur,
601 2715 632 2739 a.
659 2707 729 2742 514
750 2704 837 2739 illos
857 2703 1035 2737 consules
1064 2701 1194 2739 fuisse,
1219 2713 1268 2735 ex
1293 2701 1370 2741 illa,
1397 2700 1441 2734 ad
1466 2712 1576 2744 quam
1586 2701 1800 2736 Wetzelius
1821 2703 1936 2737 Ennii
1960 2715 2077 2739 annos
2103 2712 2140 2738 et
2164 2707 2258 2739 alios
2283 2717 2360 2738 nu·

426 2767 605 2806 metavit,
653 2776 686 2799 a.
718 2767 807 2807 513,
855 2774 1052 2810 quumque
1078 2762 1124 2797 de
1147 2760 1368 2797 consulibus
1393 2769 1554 2805 constet,
1597 2773 1676 2797 non
1701 2766 1818 2808 quaeri
1842 2764 1888 2800 de
1911 2776 2096 2800 annorum
2119 2766 2356 2801 discrimine!

429 2825 704 2869 Commentarii,
727 2838 890 2871 quorum
916 2827 1133 2860 testimonio
1155 2821 1286 2857 Cicero
1311 2826 1445 2867 utitur,
1471 2826 1550 2865 vix,
1573 2831 1614 2858 ut
1637 2820 1811 2860 Osanuus
1829 2832 1949 2871 putat,
1974 2827 2164 2872 pontificii
2188 2826 2357 2866 suerunt,

429 2898 526 2932 quos
548 2894 622 2921 tam
647 2887 845 2923 indefinite
872 2892 934 2927 (ex
957 2887 1125 2934 antiquis
1149 2887 1291 2924 comm.)
1342 2883 1553 2930 siguificare
1576 2896 1654 2921 non
1679 2888 1797 2929 solet,
1823 2888 1888 2923 sed
1912 2891 2039 2934 potius
2062 2891 2359 2932 magistratuum,

427 2951 497 2995 qui
524 2947 636 2983 ludos
660 2948 832 2984 edebant.
877 2948 937 2984 Ex
963 2946 1185 2983 huiusmodi
1213 2949 1489 2982 commentariis
1516 2947 1646 2984 ductas
1672 2951 1809 2995 opinor
1834 2936 2054 2986 didascalicis
2078 2949 2335 2984 Terentianas.

0 3595 294 3602 -ῇ-,Μψ
313 3594 367 3602 ,ἢ
405 3594 444 3602 Ὺ
472 3592 561 3600 m„
592 3554 2608 3602 Md
