<?xml version="1.0" encoding="UTF-8"?>
<!DOCTYPE html PUBLIC "-//W3C//DTD XHTML 1.0 Transitional//EN"
    "http://www.w3.org/TR/xhtml1/DTD/xhtml1-transitional.dtd">
<html xmlns="http://www.w3.org/1999/xhtml" xml:lang="en" lang="en">
 <head>
  <title>
</title>
<meta http-equiv="Content-Type" content="text/html;charset=utf-8" />
  <meta name='ocr-system' content='tesseract 3.04.00' />
  <meta name='ocr-capabilities' content='ocr_page ocr_carea ocr_par ocr_line ocrx_word'/>
</head>
<body>
  <div class='ocr_page' id='page_1' title='image "4625152_0019.png"; bbox 0 0 2608 3602; ppageno 0'>
   <div class='ocr_carea' id='block_1_1' title="bbox 2179 214 2245 262">
    <p class='ocr_par' dir='ltr' id='par_1_1' title="bbox 2179 214 2245 262">
     <span class='ocr_line' id='line_1_1' title="bbox 2179 214 2245 262; baseline 0.03 -2"><span class='ocrx_word' id='word_1_1' title='bbox 2179 214 2245 262; x_wconf 81' lang='lat'><strong>13</strong></span> 
     </span>
    </p>
   </div>
   <div class='ocr_carea' id='block_1_2' title="bbox 151 342 2312 2930">
    <p class='ocr_par' dir='ltr' id='par_1_2' title="bbox 151 342 2312 2817">
     <span class='ocr_line' id='line_1_2' title="bbox 208 342 2309 405; baseline -0.002 -10"><span class='ocrx_word' id='word_1_2' title='bbox 208 362 307 395; x_wconf 87' lang='lat' dir='ltr'><strong>non</strong></span> <span class='ocrx_word' id='word_1_3' title='bbox 348 346 533 395; x_wconf 82' lang='lat' dir='ltr'><strong>venisse</strong></span> <span class='ocrx_word' id='word_1_4' title='bbox 556 346 619 390; x_wconf 44' lang='lat' dir='ltr'><strong>¹*in</strong></span> <span class='ocrx_word' id='word_1_5' title='bbox 647 349 857 390; x_wconf 81' lang='lat' dir='ltr'><strong>mentem</strong></span> <span class='ocrx_word' id='word_1_6' title='bbox 892 358 1128 405; x_wconf 74' lang='lat' dir='ltr'><strong>quaerere,</strong></span> <span class='ocrx_word' id='word_1_7' title='bbox 1180 343 1296 405; x_wconf 92' lang='lat' dir='ltr'><strong>quid</strong></span> <span class='ocrx_word' id='word_1_8' title='bbox 1340 348 1469 389; x_wconf 86' lang='lat' dir='ltr'><strong>esset</strong></span> <span class='ocrx_word' id='word_1_9' title='bbox 1499 346 1687 402; x_wconf 79' lang='lat' dir='ltr'><strong>causae,</strong></span> <span class='ocrx_word' id='word_1_10' title='bbox 1735 357 1821 388; x_wconf 89' lang='lat' dir='ltr'><strong>cur</strong></span> <span class='ocrx_word' id='word_1_11' title='bbox 1852 343 1904 389; x_wconf 89' lang='lat' dir='ltr'><strong>in</strong></span> <span class='ocrx_word' id='word_1_12' title='bbox 1937 342 2013 389; x_wconf 86' lang='lat' dir='ltr'><strong>his</strong></span> <span class='ocrx_word' id='word_1_13' title='bbox 2047 342 2181 390; x_wconf 88' lang='lat' dir='ltr'><strong>libris</strong></span> <span class='ocrx_word' id='word_1_14' title='bbox 2209 352 2309 392; x_wconf 82' lang='lat' dir='ltr'><strong>tam</strong></span> 
     </span>
     <span class='ocr_line' id='line_1_3' title="bbox 205 422 2311 501; baseline -0.001 -16"><span class='ocrx_word' id='word_1_15' title='bbox 205 425 513 501; x_wconf 78' lang='lat' dir='ltr'><strong>pertinaciter</strong></span> <span class='ocrx_word' id='word_1_16' title='bbox 545 434 731 480; x_wconf 87' lang='lat' dir='ltr'><strong>librarii</strong></span> <span class='ocrx_word' id='word_1_17' title='bbox 757 422 889 480; x_wconf 86' lang='lat' dir='ltr'><strong>Ateii</strong></span> <span class='ocrx_word' id='word_1_18' title='bbox 926 435 1102 480; x_wconf 85' lang='lat' dir='ltr'><strong>nomen</strong></span> <span class='ocrx_word' id='word_1_19' title='bbox 1135 434 1186 479; x_wconf 93' lang='lat' dir='ltr'><strong>in</strong></span> <span class='ocrx_word' id='word_1_20' title='bbox 1219 431 1339 479; x_wconf 87' lang='lat' dir='ltr'><strong>Attii</strong></span> <span class='ocrx_word' id='word_1_21' title='bbox 1366 439 1651 492; x_wconf 81' lang='lat' dir='ltr'><strong>mutassent,</strong></span> <span class='ocrx_word' id='word_1_22' title='bbox 1718 449 1884 494; x_wconf 89' lang='lat' dir='ltr'><strong>quum,</strong></span> <span class='ocrx_word' id='word_1_23' title='bbox 1914 434 1999 480; x_wconf 83' lang='lat' dir='ltr'><strong>ubi</strong></span> <span class='ocrx_word' id='word_1_24' title='bbox 2032 435 2311 497; x_wconf 85' lang='lat' dir='ltr'><strong>ceteroquin</strong></span> 
     </span>
     <span class='ocr_line' id='line_1_4' title="bbox 205 522 2310 584; baseline -0.002 -8"><span class='ocrx_word' id='word_1_25' title='bbox 205 528 333 576; x_wconf 81' lang='lat' dir='ltr'><strong>Ateii</strong></span> <span class='ocrx_word' id='word_1_26' title='bbox 375 541 552 573; x_wconf 88' lang='lat' dir='ltr'><strong>nomen</strong></span> <span class='ocrx_word' id='word_1_27' title='bbox 594 525 844 583; x_wconf 74' lang='lat' dir='ltr'><strong>citaretur,</strong></span> <span class='ocrx_word' id='word_1_28' title='bbox 884 522 1070 569; x_wconf 86' lang='lat' dir='ltr'><strong>Attium</strong></span> <span class='ocrx_word' id='word_1_29' title='bbox 1101 539 1198 568; x_wconf 90' lang='lat' dir='ltr'><strong>non</strong></span> <span class='ocrx_word' id='word_1_30' title='bbox 1242 523 1613 569; x_wconf 82' lang='lat' dir='ltr'><strong>substituissent.</strong></span> <span class='ocrx_word' id='word_1_31' title='bbox 1682 522 1775 569; x_wconf 92' lang='lat' dir='ltr'><strong>Sed</strong></span> <span class='ocrx_word' id='word_1_32' title='bbox 1804 524 1866 569; x_wconf 91' lang='lat' dir='ltr'><strong>de</strong></span> <span class='ocrx_word' id='word_1_33' title='bbox 1899 522 1992 569; x_wconf 92' lang='lat' dir='ltr'><strong>hoc</strong></span> <span class='ocrx_word' id='word_1_34' title='bbox 2030 526 2137 584; x_wconf 87' lang='lat' dir='ltr'><strong>ipso</strong></span> <span class='ocrx_word' id='word_1_35' title='bbox 2169 523 2310 572; x_wconf 87' lang='lat' dir='ltr'><strong>Ateio</strong></span> 
     </span>
     <span class='ocr_line' id='line_1_5' title="bbox 203 610 2312 680; baseline -0.002 -16"><span class='ocrx_word' id='word_1_36' title='bbox 203 619 413 680; x_wconf 88' lang='lat' dir='ltr'><strong>primum</strong></span> <span class='ocrx_word' id='word_1_37' title='bbox 441 616 700 672; x_wconf 78' lang='lat' dir='ltr'><strong>videamu83</strong></span> <span class='ocrx_word' id='word_1_38' title='bbox 735 614 814 675; x_wconf 92' lang='lat' dir='ltr'><strong>qui</strong></span> <span class='ocrx_word' id='word_1_39' title='bbox 848 613 911 659; x_wconf 91' lang='lat' dir='ltr'><strong>ob</strong></span> <span class='ocrx_word' id='word_1_40' title='bbox 938 611 1089 658; x_wconf 86' lang='lat' dir='ltr'><strong>solam</strong></span> <span class='ocrx_word' id='word_1_41' title='bbox 1123 613 1331 657; x_wconf 89' lang='lat' dir='ltr'><strong>nominis</strong></span> <span class='ocrx_word' id='word_1_42' title='bbox 1364 610 1723 657; x_wconf 82' lang='lat' dir='ltr'><strong>similitudinem</strong></span> <span class='ocrx_word' id='word_1_43' title='bbox 1755 613 1934 659; x_wconf 87' lang='lat' dir='ltr'><strong>electus</strong></span> <span class='ocrx_word' id='word_1_44' title='bbox 1970 620 2065 674; x_wconf 86' lang='lat' dir='ltr'><strong>est,</strong></span> <span class='ocrx_word' id='word_1_45' title='bbox 2094 620 2151 660; x_wconf 90' lang='lat' dir='ltr'><strong>ut</strong></span> <span class='ocrx_word' id='word_1_46' title='bbox 2179 611 2312 660; x_wconf 80' lang='lat' dir='ltr'><strong>Atfio</strong></span> 
     </span>
     <span class='ocr_line' id='line_1_6' title="bbox 203 694 2311 765; baseline -0.002 -10"><span class='ocrx_word' id='word_1_47' title='bbox 203 694 508 763; x_wconf 76' lang='lat' dir='ltr'><strong>succederet3</strong></span> <span class='ocrx_word' id='word_1_48' title='bbox 574 710 730 764; x_wconf 81' lang='lat' dir='ltr'><strong>neque</strong></span> <span class='ocrx_word' id='word_1_49' title='bbox 773 704 901 748; x_wconf 89' lang='lat' dir='ltr'><strong>enim</strong></span> <span class='ocrx_word' id='word_1_50' title='bbox 938 708 1075 746; x_wconf 83' lang='lat' dir='ltr'><strong>extra</strong></span> <span class='ocrx_word' id='word_1_51' title='bbox 1115 700 1241 745; x_wconf 90' lang='lat' dir='ltr'><strong>hanc</strong></span> <span class='ocrx_word' id='word_1_52' title='bbox 1293 702 1666 747; x_wconf 83' lang='lat' dir='ltr'><strong>controversiam</strong></span> <span class='ocrx_word' id='word_1_53' title='bbox 1723 700 1874 746; x_wconf 89' lang='lat' dir='ltr'><strong>ullum</strong></span> <span class='ocrx_word' id='word_1_54' title='bbox 1916 711 1991 749; x_wconf 88' lang='lat' dir='ltr'><strong>est</strong></span> <span class='ocrx_word' id='word_1_55' title='bbox 2042 706 2311 765; x_wconf 79' lang='lat' dir='ltr'><strong>vestigium,</strong></span> 
     </span>
     <span class='ocr_line' id='line_1_7' title="bbox 206 781 2311 859; baseline 0 -19"><span class='ocrx_word' id='word_1_56' title='bbox 206 797 337 859; x_wconf 87' lang='lat' dir='ltr'><strong>quod</strong></span> <span class='ocrx_word' id='word_1_57' title='bbox 380 808 491 839; x_wconf 89' lang='lat' dir='ltr'><strong>eum</strong></span> <span class='ocrx_word' id='word_1_58' title='bbox 535 792 703 837; x_wconf 84' lang='lat' dir='ltr'><strong>similia</strong></span> <span class='ocrx_word' id='word_1_59' title='bbox 747 781 1030 853; x_wconf 81' lang='lat' dir='ltr'><strong>argumenta</strong></span> <span class='ocrx_word' id='word_1_60' title='bbox 1080 791 1297 850; x_wconf 82' lang='lat' dir='ltr'><strong>attigisse</strong></span> <span class='ocrx_word' id='word_1_61' title='bbox 1342 793 1575 835; x_wconf 85' lang='lat' dir='ltr'><strong>ostendat.</strong></span> <span class='ocrx_word' id='word_1_62' title='bbox 1678 788 1723 833; x_wconf 88' lang='lat' dir='ltr'><strong>Is</strong></span> <span class='ocrx_word' id='word_1_63' title='bbox 1773 794 2110 850; x_wconf 85' lang='lat' dir='ltr'><strong>grammaticus</strong></span> <span class='ocrx_word' id='word_1_64' title='bbox 2158 793 2311 840; x_wconf 87' lang='lat' dir='ltr'><strong>liber-</strong></span> 
     </span>
     <span class='ocr_line' id='line_1_8' title="bbox 203 878 2311 943; baseline -0 -13"><span class='ocrx_word' id='word_1_65' title='bbox 203 886 334 931; x_wconf 83' lang='lat' dir='ltr'><strong>tinus</strong></span> <span class='ocrx_word' id='word_1_66' title='bbox 373 899 472 930; x_wconf 90' lang='lat' dir='ltr'><strong>non</strong></span> <span class='ocrx_word' id='word_1_67' title='bbox 517 883 774 928; x_wconf 89' lang='lat' dir='ltr'><strong>admodum</strong></span> <span class='ocrx_word' id='word_1_68' title='bbox 813 879 1003 927; x_wconf 88' lang='lat' dir='ltr'><strong>celeber</strong></span> <span class='ocrx_word' id='word_1_69' title='bbox 1049 894 1161 925; x_wconf 85' lang='lat' dir='ltr'><strong>raro</strong></span> <span class='ocrx_word' id='word_1_70' title='bbox 1214 879 1277 925; x_wconf 90' lang='lat' dir='ltr'><strong>ab</strong></span> <span class='ocrx_word' id='word_1_71' title='bbox 1338 878 1443 925; x_wconf 86' lang='lat' dir='ltr'><strong>aliis</strong></span> <span class='ocrx_word' id='word_1_72' title='bbox 1496 879 1805 940; x_wconf 87' lang='lat' dir='ltr'><strong>scriptoribus</strong></span> <span class='ocrx_word' id='word_1_73' title='bbox 1856 887 1905 926; x_wconf 87' lang='lat' dir='ltr'><strong>et</strong></span> <span class='ocrx_word' id='word_1_74' title='bbox 1940 881 2004 927; x_wconf 90' lang='lat' dir='ltr'><strong>ab</strong></span> <span class='ocrx_word' id='word_1_75' title='bbox 2042 882 2103 927; x_wconf 87' lang='lat' dir='ltr'><strong>iis</strong></span> <span class='ocrx_word' id='word_1_76' title='bbox 2143 897 2311 943; x_wconf 82' lang='lat' dir='ltr'><strong>gram—</strong></span> 
     </span>
     <span class='ocr_line' id='line_1_9' title="bbox 204 968 2312 1033; baseline -0 -13"><span class='ocrx_word' id='word_1_77' title='bbox 204 975 417 1028; x_wconf 75' lang='lat' dir='ltr'><strong>maticiS,</strong></span> <span class='ocrx_word' id='word_1_78' title='bbox 492 988 693 1033; x_wconf 90' lang='lat' dir='ltr'><strong>quorum</strong></span> <span class='ocrx_word' id='word_1_79' title='bbox 734 986 823 1018; x_wconf 88' lang='lat' dir='ltr'><strong>nos</strong></span> <span class='ocrx_word' id='word_1_80' title='bbox 853 969 1004 1016; x_wconf 88' lang='lat' dir='ltr'><strong>libros</strong></span> <span class='ocrx_word' id='word_1_81' title='bbox 1046 968 1309 1024; x_wconf 78' lang='lat' dir='ltr'><strong>habemuS,</strong></span> <span class='ocrx_word' id='word_1_82' title='bbox 1390 970 1591 1029; x_wconf 87' lang='lat' dir='ltr'><strong>citatur,</strong></span> <span class='ocrx_word' id='word_1_83' title='bbox 1654 986 1766 1030; x_wconf 88' lang='lat' dir='ltr'><strong>nec,</strong></span> <span class='ocrx_word' id='word_1_84' title='bbox 1846 975 1901 1015; x_wconf 90' lang='lat' dir='ltr'><strong>ut</strong></span> <span class='ocrx_word' id='word_1_85' title='bbox 1933 971 2146 1031; x_wconf 81' lang='lat' dir='ltr'><strong>videtur,</strong></span> <span class='ocrx_word' id='word_1_86' title='bbox 2216 973 2312 1019; x_wconf 89' lang='lat' dir='ltr'><strong>nisi</strong></span> 
     </span>
     <span class='ocr_line' id='line_1_10' title="bbox 203 1056 2312 1123; baseline -0 -14"><span class='ocrx_word' id='word_1_87' title='bbox 203 1064 367 1110; x_wconf 89' lang='lat' dir='ltr'><strong>addito</strong></span> <span class='ocrx_word' id='word_1_88' title='bbox 412 1068 609 1123; x_wconf 88' lang='lat' dir='ltr'><strong>propter</strong></span> <span class='ocrx_word' id='word_1_89' title='bbox 638 1062 840 1107; x_wconf 89' lang='lat' dir='ltr'><strong>eandem</strong></span> <span class='ocrx_word' id='word_1_90' title='bbox 882 1074 1074 1106; x_wconf 83' lang='lat' dir='ltr'><strong>causam</strong></span> <span class='ocrx_word' id='word_1_91' title='bbox 1109 1056 1362 1120; x_wconf 62' lang='lat' dir='ltr'><strong>,philologi</strong></span> <span class='ocrx_word' id='word_1_92' title='bbox 1399 1060 1707 1120; x_wconf 86' lang='lat' dir='ltr'><strong>cognomine3</strong></span> <span class='ocrx_word' id='word_1_93' title='bbox 1774 1060 1844 1105; x_wconf 88' lang='lat' dir='ltr'><strong>sic</strong></span> <span class='ocrx_word' id='word_1_94' title='bbox 1892 1060 2019 1104; x_wconf 89' lang='lat' dir='ltr'><strong>enim</strong></span> <span class='ocrx_word' id='word_1_95' title='bbox 2061 1062 2237 1107; x_wconf 87' lang='lat' dir='ltr'><strong>citatur</strong></span> <span class='ocrx_word' id='word_1_96' title='bbox 2283 1078 2312 1108; x_wconf 90' lang='lat' dir='ltr'><strong>a</strong></span> 
     </span>
     <span class='ocr_line' id='line_1_11' title="bbox 201 1147 2310 1213; baseline -0.001 -14"><span class='ocrx_word' id='word_1_97' title='bbox 201 1152 347 1199; x_wconf 87' lang='lat' dir='ltr'><strong>Festo</strong></span> <span class='ocrx_word' id='word_1_98' title='bbox 367 1168 401 1197; x_wconf 79' lang='lat' dir='ltr'><strong>s,</strong></span> <span class='ocrx_word' id='word_1_99' title='bbox 427 1168 469 1199; x_wconf 85' lang='lat' dir='ltr'><strong>v.</strong></span> <span class='ocrx_word' id='word_1_100' title='bbox 497 1152 742 1210; x_wconf 83' lang='lat' dir='ltr'><strong>Naucum,</strong></span> <span class='ocrx_word' id='word_1_101' title='bbox 769 1151 946 1196; x_wconf 86' lang='lat' dir='ltr'><strong>Ocrem</strong></span> <span class='ocrx_word' id='word_1_102' title='bbox 980 1147 1028 1213; x_wconf 89' lang='lat' dir='ltr'><strong>(e</strong></span> <span class='ocrx_word' id='word_1_103' title='bbox 1044 1148 1167 1195; x_wconf 81' lang='lat' dir='ltr'><strong>libro</strong></span> <span class='ocrx_word' id='word_1_104' title='bbox 1197 1147 1627 1213; x_wconf 82' lang='lat' dir='ltr'><strong>glossematorum),</strong></span> <span class='ocrx_word' id='word_1_105' title='bbox 1658 1148 1876 1196; x_wconf 77' lang='lat' dir='ltr'><strong>Orchitis</strong></span> <span class='ocrx_word' id='word_1_106' title='bbox 1901 1147 1950 1211; x_wconf 91' lang='lat' dir='ltr'><strong>(e</strong></span> <span class='ocrx_word' id='word_1_107' title='bbox 1972 1148 2310 1211; x_wconf 80' lang='lat' dir='ltr'><strong>collectaneis),</strong></span> 
     </span>
     <span class='ocr_line' id='line_1_12' title="bbox 203 1237 2311 1304; baseline -0.001 -14"><span class='ocrx_word' id='word_1_108' title='bbox 203 1243 466 1304; x_wconf 82' lang='lat' dir='ltr'><strong>Stroppus,</strong></span> <span class='ocrx_word' id='word_1_109' title='bbox 511 1241 730 1295; x_wconf 80' lang='lat' dir='ltr'><strong>Tadites,</strong></span> <span class='ocrx_word' id='word_1_110' title='bbox 767 1237 1013 1296; x_wconf 80' lang='lat' dir='ltr'><strong>Vacerra,</strong></span> <span class='ocrx_word' id='word_1_111' title='bbox 1048 1256 1077 1286; x_wconf 84' lang='lat' dir='ltr'><strong>a</strong></span> <span class='ocrx_word' id='word_1_112' title='bbox 1107 1239 1327 1286; x_wconf 84' lang='lat' dir='ltr'><strong>charisio</strong></span> <span class='ocrx_word' id='word_1_113' title='bbox 1357 1239 1379 1285; x_wconf 94' lang='grc' dir='ltr'>Ῑ</span> <span class='ocrx_word' id='word_1_114' title='bbox 1406 1256 1454 1301; x_wconf 89' lang='lat' dir='ltr'><strong>p.</strong></span> <span class='ocrx_word' id='word_1_115' title='bbox 1490 1247 1584 1293; x_wconf 83' lang='lat'><strong>102</strong></span> <span class='ocrx_word' id='word_1_116' title='bbox 1621 1247 1671 1287; x_wconf 88' lang='lat' dir='ltr'><strong>et</strong></span> <span class='ocrx_word' id='word_1_117' title='bbox 1707 1255 1754 1301; x_wconf 92' lang='lat' dir='ltr'><strong>p.</strong></span> <span class='ocrx_word' id='word_1_118' title='bbox 1784 1246 1882 1294; x_wconf 84' lang='lat'><strong>108</strong></span> <span class='ocrx_word' id='word_1_119' title='bbox 1910 1239 1980 1299; x_wconf 90' lang='lat' dir='ltr'><strong>P.,</strong></span> <span class='ocrx_word' id='word_1_120' title='bbox 2007 1239 2220 1288; x_wconf 88' lang='lat' dir='ltr'><strong>aServio</strong></span> <span class='ocrx_word' id='word_1_121' title='bbox 2250 1241 2311 1287; x_wconf 89' lang='lat' dir='ltr'><strong>ad</strong></span> 
     </span>
     <span class='ocr_line' id='line_1_13' title="bbox 202 1327 2310 1392; baseline -0.001 -14"><span class='ocrx_word' id='word_1_122' title='bbox 202 1331 391 1380; x_wconf 89' lang='lat' dir='ltr'><strong>AEneid.</strong></span> <span class='ocrx_word' id='word_1_123' title='bbox 410 1330 432 1377; x_wconf 93' lang='lat' dir='ltr'>I</span> <span class='ocrx_word' id='word_1_124' title='bbox 453 1346 496 1379; x_wconf 84' lang='lat' dir='ltr'><strong>v.</strong></span> <span class='ocrx_word' id='word_1_125' title='bbox 525 1332 621 1385; x_wconf 88' lang='lat'><strong>601</strong></span> <span class='ocrx_word' id='word_1_126' title='bbox 647 1327 798 1392; x_wconf 87' lang='lat'><strong>(605),</strong></span> <span class='ocrx_word' id='word_1_127' title='bbox 829 1331 1047 1392; x_wconf 89' lang='lat' dir='ltr'><strong>denique,</strong></span> <span class='ocrx_word' id='word_1_128' title='bbox 1077 1335 1133 1376; x_wconf 90' lang='lat' dir='ltr'><strong>ut</strong></span> <span class='ocrx_word' id='word_1_129' title='bbox 1154 1330 1258 1390; x_wconf 90' lang='lat' dir='ltr'><strong>ipse</strong></span> <span class='ocrx_word' id='word_1_130' title='bbox 1280 1330 1504 1376; x_wconf 85' lang='lat' dir='ltr'><strong>Osannus</strong></span> <span class='ocrx_word' id='word_1_131' title='bbox 1532 1330 1750 1390; x_wconf 88' lang='lat' dir='ltr'><strong>coniecit,</strong></span> <span class='ocrx_word' id='word_1_132' title='bbox 1784 1345 1812 1375; x_wconf 85' lang='lat' dir='ltr'><strong>a</strong></span> <span class='ocrx_word' id='word_1_133' title='bbox 1838 1329 2063 1375; x_wconf 85' lang='lat' dir='ltr'><strong>Priscian.</strong></span> <span class='ocrx_word' id='word_1_134' title='bbox 2084 1334 2117 1381; x_wconf 87' lang='grc'><strong>8</strong></span> <span class='ocrx_word' id='word_1_135' title='bbox 2141 1345 2188 1391; x_wconf 88' lang='lat' dir='ltr'><strong>p.</strong></span> <span class='ocrx_word' id='word_1_136' title='bbox 2210 1335 2310 1390; x_wconf 81' lang='lat'><strong>792</strong></span> 
     </span>
     <span class='ocr_line' id='line_1_14' title="bbox 203 1410 2310 1482; baseline -0.001 -15"><span class='ocrx_word' id='word_1_137' title='bbox 203 1420 259 1467; x_wconf 91' lang='lat' dir='ltr'><strong>P.</strong></span> <span class='ocrx_word' id='word_1_138' title='bbox 284 1418 386 1482; x_wconf 91' lang='lat' dir='ltr'><strong>(ubi</strong></span> <span class='ocrx_word' id='word_1_139' title='bbox 420 1420 562 1481; x_wconf 84' lang='lat' dir='ltr'><strong>vulgo</strong></span> <span class='ocrx_word' id='word_1_140' title='bbox 577 1426 650 1465; x_wconf 86' lang='lat' dir='ltr'><strong>est</strong></span> <span class='ocrx_word' id='word_1_141' title='bbox 673 1410 1264 1481; x_wconf 62' lang='lat' dir='ltr'><strong>Aspheus-Philologus);</strong></span> <span class='ocrx_word' id='word_1_142' title='bbox 1290 1433 1402 1463; x_wconf 88' lang='lat' dir='ltr'><strong>nam</strong></span> <span class='ocrx_word' id='word_1_143' title='bbox 1438 1421 1566 1480; x_wconf 88' lang='lat' dir='ltr'><strong>quod</strong></span> <span class='ocrx_word' id='word_1_144' title='bbox 1594 1435 1623 1464; x_wconf 89' lang='lat' dir='ltr'><strong>a</strong></span> <span class='ocrx_word' id='word_1_145' title='bbox 1646 1419 1811 1467; x_wconf 87' lang='lat' dir='ltr'><strong>Servio</strong></span> <span class='ocrx_word' id='word_1_146' title='bbox 1845 1421 1906 1466; x_wconf 88' lang='lat' dir='ltr'><strong>ad</strong></span> <span class='ocrx_word' id='word_1_147' title='bbox 1932 1420 2122 1467; x_wconf 88' lang='lat' dir='ltr'><strong>AEneid.</strong></span> <span class='ocrx_word' id='word_1_148' title='bbox 2151 1419 2188 1478; x_wconf 92' lang='lat' dir='ltr'><strong>I,</strong></span> <span class='ocrx_word' id='word_1_149' title='bbox 2212 1425 2310 1475; x_wconf 83' lang='lat'><strong>273</strong></span> 
     </span>
     <span class='ocr_line' id='line_1_15' title="bbox 205 1495 2310 1569; baseline 0 -14"><span class='ocrx_word' id='word_1_150' title='bbox 205 1517 254 1556; x_wconf 91' lang='lat' dir='ltr'><strong>et</strong></span> <span class='ocrx_word' id='word_1_151' title='bbox 277 1509 336 1569; x_wconf 91' lang='lat' dir='ltr'><strong>V,</strong></span> <span class='ocrx_word' id='word_1_152' title='bbox 358 1513 423 1562; x_wconf 85' lang='grc'><strong>45</strong></span> <span class='ocrx_word' id='word_1_153' title='bbox 446 1495 612 1554; x_wconf 86' lang='lat' dir='ltr'><strong>Ateius</strong></span> <span class='ocrx_word' id='word_1_154' title='bbox 644 1510 920 1554; x_wconf 85' lang='lat' dir='ltr'><strong>nominatur</strong></span> <span class='ocrx_word' id='word_1_155' title='bbox 952 1509 1244 1568; x_wconf 88' lang='lat' dir='ltr'><strong>simpliciter,</strong></span> <span class='ocrx_word' id='word_1_156' title='bbox 1269 1510 1310 1554; x_wconf 85' lang='lat' dir='ltr'><strong>is</strong></span> <span class='ocrx_word' id='word_1_157' title='bbox 1339 1508 1509 1568; x_wconf 87' lang='lat' dir='ltr'><strong>Capito</strong></span> <span class='ocrx_word' id='word_1_158' title='bbox 1533 1511 1722 1557; x_wconf 88' lang='lat' dir='ltr'><strong>videtur</strong></span> <span class='ocrx_word' id='word_1_159' title='bbox 1749 1524 1865 1567; x_wconf 90' lang='lat' dir='ltr'><strong>esse,</strong></span> <span class='ocrx_word' id='word_1_160' title='bbox 1892 1508 2033 1569; x_wconf 85' lang='lat' dir='ltr'><strong>longe</strong></span> <span class='ocrx_word' id='word_1_161' title='bbox 2064 1508 2310 1568; x_wconf 87' lang='lat' dir='ltr'><strong>illustrior,</strong></span> 
     </span>
     <span class='ocr_line' id='line_1_16' title="bbox 203 1587 2310 1661; baseline -0.001 -14"><span class='ocrx_word' id='word_1_162' title='bbox 203 1616 234 1647; x_wconf 86' lang='lat' dir='ltr'><strong>a</strong></span> <span class='ocrx_word' id='word_1_163' title='bbox 268 1601 402 1646; x_wconf 88' lang='lat' dir='ltr'><strong>cuius</strong></span> <span class='ocrx_word' id='word_1_164' title='bbox 432 1600 848 1646; x_wconf 82' lang='lat' dir='ltr'><strong>coniectaneorum</strong></span> <span class='ocrx_word' id='word_1_165' title='bbox 884 1605 1167 1661; x_wconf 87' lang='lat' dir='ltr'><strong>argumento</strong></span> <span class='ocrx_word' id='word_1_166' title='bbox 1200 1587 1299 1643; x_wconf 87' lang='lat' dir='ltr'><strong>non</strong></span> <span class='ocrx_word' id='word_1_167' title='bbox 1332 1598 1606 1657; x_wconf 86' lang='lat' dir='ltr'><strong>abhorrent,</strong></span> <span class='ocrx_word' id='word_1_168' title='bbox 1635 1614 1742 1661; x_wconf 85' lang='lat' dir='ltr'><strong>quae</strong></span> <span class='ocrx_word' id='word_1_169' title='bbox 1769 1599 1838 1645; x_wconf 90' lang='lat' dir='ltr'><strong>ibi</strong></span> <span class='ocrx_word' id='word_1_170' title='bbox 1854 1599 2125 1645; x_wconf 87' lang='lat' dir='ltr'><strong>traduntur.</strong></span> <span class='ocrx_word' id='word_1_171' title='bbox 2145 1627 2150 1636; x_wconf 47' lang='grc' dir='ltr'>ι</span> <span class='ocrx_word' id='word_1_172' title='bbox 2172 1598 2310 1646; x_wconf 87' lang='lat' dir='ltr'><strong>Unus</strong></span> 
     </span>
     <span class='ocr_line' id='line_1_17' title="bbox 203 1687 2312 1749; baseline -0.002 -12"><span class='ocrx_word' id='word_1_173' title='bbox 203 1695 421 1749; x_wconf 84' lang='lat' dir='ltr'><strong>superest</strong></span> <span class='ocrx_word' id='word_1_174' title='bbox 446 1688 590 1732; x_wconf 85' lang='lat' dir='ltr'><strong>Plinii</strong></span> <span class='ocrx_word' id='word_1_175' title='bbox 623 1687 820 1731; x_wconf 65' lang='lat' dir='ltr'><strong>RIaioris</strong></span> <span class='ocrx_word' id='word_1_176' title='bbox 847 1687 981 1729; x_wconf 88' lang='lat' dir='ltr'><strong>locus</strong></span> <span class='ocrx_word' id='word_1_177' title='bbox 1014 1689 1065 1729; x_wconf 88' lang='lat' dir='ltr'><strong>in</strong></span> <span class='ocrx_word' id='word_1_178' title='bbox 1089 1688 1248 1729; x_wconf 86' lang='lat' dir='ltr'><strong>indice</strong></span> <span class='ocrx_word' id='word_1_179' title='bbox 1274 1694 1528 1730; x_wconf 87' lang='lat' dir='ltr'><strong>auctorum</strong></span> <span class='ocrx_word' id='word_1_180' title='bbox 1568 1688 1681 1732; x_wconf 81' lang='lat' dir='ltr'><strong>libri</strong></span> <span class='ocrx_word' id='word_1_181' title='bbox 1712 1688 1926 1743; x_wconf 87' lang='lat' dir='ltr'><strong>XXXII,</strong></span> <span class='ocrx_word' id='word_1_182' title='bbox 1975 1691 2054 1747; x_wconf 89' lang='lat' dir='ltr'><strong>qui</strong></span> <span class='ocrx_word' id='word_1_183' title='bbox 2084 1689 2148 1734; x_wconf 85' lang='lat' dir='ltr'><strong>L.</strong></span> <span class='ocrx_word' id='word_1_184' title='bbox 2177 1688 2312 1735; x_wconf 78' lang='lat' dir='ltr'><strong>Ateii</strong></span> 
     </span>
     <span class='ocr_line' id='line_1_18' title="bbox 201 1764 2306 1836; baseline 0 -15"><span class='ocrx_word' id='word_1_185' title='bbox 201 1776 397 1822; x_wconf 89' lang='lat' dir='ltr'><strong>nomine</strong></span> <span class='ocrx_word' id='word_1_186' title='bbox 423 1773 554 1819; x_wconf 91' lang='lat' dir='ltr'><strong>hunc</strong></span> <span class='ocrx_word' id='word_1_187' title='bbox 586 1770 890 1831; x_wconf 84' lang='lat' dir='ltr'><strong>Philologum</strong></span> <span class='ocrx_word' id='word_1_188' title='bbox 923 1770 1214 1830; x_wconf 87' lang='lat' dir='ltr'><strong>significasse</strong></span> <span class='ocrx_word' id='word_1_189' title='bbox 1259 1764 1411 1816; x_wconf 78' lang='lat' dir='ltr'><strong>videri</strong></span> <span class='ocrx_word' id='word_1_190' title='bbox 1444 1777 1615 1830; x_wconf 86' lang='lat' dir='ltr'><strong>potest.</strong></span> <span class='ocrx_word' id='word_1_191' title='bbox 1684 1771 1800 1816; x_wconf 88' lang='lat' dir='ltr'><strong>Eius</strong></span> <span class='ocrx_word' id='word_1_192' title='bbox 1834 1786 1897 1816; x_wconf 89' lang='lat' dir='ltr'><strong>ne</strong></span> <span class='ocrx_word' id='word_1_193' title='bbox 1930 1771 2080 1818; x_wconf 86' lang='lat' dir='ltr'><strong>libros</strong></span> <span class='ocrx_word' id='word_1_194' title='bbox 2115 1776 2306 1836; x_wconf 87' lang='lat' dir='ltr'><strong>quidem</strong></span> 
     </span>
     <span class='ocr_line' id='line_1_19' title="bbox 202 1855 2305 1921; baseline 0 -10"><span class='ocrx_word' id='word_1_195' title='bbox 202 1863 380 1911; x_wconf 85' lang='lat' dir='ltr'><strong>multos</strong></span> <span class='ocrx_word' id='word_1_196' title='bbox 410 1859 726 1921; x_wconf 87' lang='lat' dir='ltr'><strong>superfuisse,</strong></span> <span class='ocrx_word' id='word_1_197' title='bbox 769 1874 831 1904; x_wconf 84' lang='lat' dir='ltr'><strong>ex</strong></span> <span class='ocrx_word' id='word_1_198' title='bbox 874 1860 1023 1919; x_wconf 86' lang='lat' dir='ltr'><strong>ipsius</strong></span> <span class='ocrx_word' id='word_1_199' title='bbox 1055 1855 1273 1904; x_wconf 88' lang='lat' dir='ltr'><strong>Suetonii</strong></span> <span class='ocrx_word' id='word_1_200' title='bbox 1302 1858 1461 1904; x_wconf 83' lang='lat' dir='ltr'><strong>verbis</strong></span> <span class='ocrx_word' id='word_1_201' title='bbox 1495 1857 1697 1920; x_wconf 85' lang='lat' dir='ltr'><strong>intelligi</strong></span> <span class='ocrx_word' id='word_1_202' title='bbox 1729 1867 1891 1920; x_wconf 88' lang='lat' dir='ltr'><strong>potest</strong></span> <span class='ocrx_word' id='word_1_203' title='bbox 1931 1858 2014 1919; x_wconf 85' lang='lat' dir='ltr'><strong>(ex</strong></span> <span class='ocrx_word' id='word_1_204' title='bbox 2059 1877 2305 1911; x_wconf 83' lang='lat' dir='ltr'><strong>commen-</strong></span> 
     </span>
     <span class='ocr_line' id='line_1_20' title="bbox 151 1945 2305 2014; baseline -0 -14"><span class='ocrx_word' id='word_1_205' title='bbox 151 2004 159 2014; x_wconf 40' lang='lat'><em>·</em></span> <span class='ocrx_word' id='word_1_206' title='bbox 201 1951 346 2000; x_wconf 83' lang='lat' dir='ltr'><strong>tariis</strong></span> <span class='ocrx_word' id='word_1_207' title='bbox 374 1949 507 2006; x_wconf 83' lang='lat' dir='ltr'><strong>eius,</strong></span> <span class='ocrx_word' id='word_1_208' title='bbox 541 1962 843 2011; x_wconf 82' lang='lat' dir='ltr'><strong>quamquam</strong></span> <span class='ocrx_word' id='word_1_209' title='bbox 863 1945 1157 2009; x_wconf 80' lang='lat' dir='ltr'><strong>paucissimi</strong></span> <span class='ocrx_word' id='word_1_210' title='bbox 1189 1949 1421 2009; x_wconf 64' lang='lat' dir='ltr'><strong>exstent)</strong></span> <span class='ocrx_word' id='word_1_211' title='bbox 1491 1946 1593 1993; x_wconf 91' lang='lat' dir='ltr'><strong>Nec</strong></span> <span class='ocrx_word' id='word_1_212' title='bbox 1629 1963 1768 2008; x_wconf 88' lang='lat' dir='ltr'><strong>sane,</strong></span> <span class='ocrx_word' id='word_1_213' title='bbox 1815 1951 1944 2011; x_wconf 84' lang='lat' dir='ltr'><strong>apud</strong></span> <span class='ocrx_word' id='word_1_214' title='bbox 1976 1955 2305 2014; x_wconf 87' lang='lat' dir='ltr'><strong>grammaticos</strong></span> 
     </span>
     <span class='ocr_line' id='line_1_21' title="bbox 204 2036 2309 2105; baseline 0 -17"><span class='ocrx_word' id='word_1_215' title='bbox 204 2057 312 2105; x_wconf 83' lang='lat' dir='ltr'><strong>quae</strong></span> <span class='ocrx_word' id='word_1_216' title='bbox 345 2044 535 2086; x_wconf 83' lang='lat' dir='ltr'><strong>exstant</strong></span> <span class='ocrx_word' id='word_1_217' title='bbox 565 2037 886 2084; x_wconf 84' lang='lat' dir='ltr'><strong>didascalicon</strong></span> <span class='ocrx_word' id='word_1_218' title='bbox 919 2036 1214 2098; x_wconf 84' lang='lat' dir='ltr'><strong>fragmenta,</strong></span> <span class='ocrx_word' id='word_1_219' title='bbox 1269 2049 1332 2080; x_wconf 80' lang='lat' dir='ltr'><strong>ex</strong></span> <span class='ocrx_word' id='word_1_220' title='bbox 1363 2039 1663 2096; x_wconf 84' lang='lat' dir='ltr'><strong>grammatici</strong></span> <span class='ocrx_word' id='word_1_221' title='bbox 1697 2040 1934 2085; x_wconf 90' lang='lat' dir='ltr'><strong>eiusmodi</strong></span> <span class='ocrx_word' id='word_1_222' title='bbox 1962 2043 2141 2102; x_wconf 89' lang='lat' dir='ltr'><strong>scripto</strong></span> <span class='ocrx_word' id='word_1_223' title='bbox 2167 2045 2309 2090; x_wconf 82' lang='lat' dir='ltr'><strong>citata</strong></span> 
     </span>
     <span class='ocr_line' id='line_1_22' title="bbox 203 2125 2306 2191; baseline 0 -13"><span class='ocrx_word' id='word_1_224' title='bbox 203 2146 310 2178; x_wconf 89' lang='lat' dir='ltr'><strong>esse</strong></span> <span class='ocrx_word' id='word_1_225' title='bbox 358 2135 573 2191; x_wconf 90' lang='lat' dir='ltr'><strong>possunt.</strong></span> <span class='ocrx_word' id='word_1_226' title='bbox 643 2126 926 2172; x_wconf 87' lang='lat' dir='ltr'><strong>Afferuntur</strong></span> <span class='ocrx_word' id='word_1_227' title='bbox 970 2127 1100 2171; x_wconf 90' lang='lat' dir='ltr'><strong>enim</strong></span> <span class='ocrx_word' id='word_1_228' title='bbox 1140 2125 1398 2171; x_wconf 85' lang='lat' dir='ltr'><strong>verborum</strong></span> <span class='ocrx_word' id='word_1_229' title='bbox 1444 2127 1712 2184; x_wconf 87' lang='lat' dir='ltr'><strong>priscorum</strong></span> <span class='ocrx_word' id='word_1_230' title='bbox 1761 2136 1811 2174; x_wconf 88' lang='lat' dir='ltr'><strong>et</strong></span> <span class='ocrx_word' id='word_1_231' title='bbox 1853 2132 2041 2189; x_wconf 89' lang='lat' dir='ltr'><strong>poetice</strong></span> <span class='ocrx_word' id='word_1_232' title='bbox 2085 2131 2306 2179; x_wconf 89' lang='lat' dir='ltr'><strong>fictorum</strong></span> 
     </span>
     <span class='ocr_line' id='line_1_23' title="bbox 205 2196 2303 2280; baseline 0 -13"><span class='ocrx_word' id='word_1_233' title='bbox 205 2218 516 2279; x_wconf 78' lang='lat' dir='ltr'><strong>(redhostire,</strong></span> <span class='ocrx_word' id='word_1_234' title='bbox 549 2215 825 2273; x_wconf 87' lang='lat' dir='ltr'><strong>inimiciter,</strong></span> <span class='ocrx_word' id='word_1_235' title='bbox 857 2196 1102 2270; x_wconf 85' lang='lat' dir='ltr'><strong>temerius,</strong></span> <span class='ocrx_word' id='word_1_236' title='bbox 1128 2229 1392 2277; x_wconf 83' lang='lat' dir='ltr'><strong>perperus,</strong></span> <span class='ocrx_word' id='word_1_237' title='bbox 1420 2216 1768 2278; x_wconf 82' lang='lat' dir='ltr'><strong>perperitudo,</strong></span> <span class='ocrx_word' id='word_1_238' title='bbox 1788 2220 2099 2280; x_wconf 78' lang='lat' dir='ltr'><strong>ponderitas,</strong></span> <span class='ocrx_word' id='word_1_239' title='bbox 2133 2221 2303 2269; x_wconf 80' lang='lat' dir='ltr'><strong>statim</strong></span> 
     </span>
     <span class='ocr_line' id='line_1_24' title="bbox 199 2305 2304 2373; baseline 0.001 -16"><span class='ocrx_word' id='word_1_240' title='bbox 199 2327 291 2373; x_wconf 90' lang='lat' dir='ltr'><strong>pro</strong></span> <span class='ocrx_word' id='word_1_241' title='bbox 325 2308 578 2370; x_wconf 84' lang='lat' dir='ltr'><strong>ordinate)</strong></span> <span class='ocrx_word' id='word_1_242' title='bbox 609 2308 938 2365; x_wconf 88' lang='lat' dir='ltr'><strong>auctoritates,</strong></span> <span class='ocrx_word' id='word_1_243' title='bbox 972 2322 1087 2368; x_wconf 88' lang='lat' dir='ltr'><strong>quas</strong></span> <span class='ocrx_word' id='word_1_244' title='bbox 1119 2322 1217 2351; x_wconf 90' lang='lat' dir='ltr'><strong>non</strong></span> <span class='ocrx_word' id='word_1_245' title='bbox 1250 2321 1313 2351; x_wconf 82' lang='lat' dir='ltr'><strong>ex</strong></span> <span class='ocrx_word' id='word_1_246' title='bbox 1343 2305 1469 2351; x_wconf 88' lang='lat' dir='ltr'><strong>illius</strong></span> <span class='ocrx_word' id='word_1_247' title='bbox 1503 2310 1692 2367; x_wconf 87' lang='lat' dir='ltr'><strong>generis</strong></span> <span class='ocrx_word' id='word_1_248' title='bbox 1724 2308 1858 2354; x_wconf 88' lang='lat' dir='ltr'><strong>libris</strong></span> <span class='ocrx_word' id='word_1_249' title='bbox 1898 2313 2186 2368; x_wconf 89' lang='lat' dir='ltr'><strong>posteriores</strong></span> <span class='ocrx_word' id='word_1_250' title='bbox 2219 2330 2304 2360; x_wconf 87' lang='lat' dir='ltr'><strong>re-</strong></span> 
     </span>
     <span class='ocr_line' id='line_1_25' title="bbox 199 2395 2304 2463; baseline 0 -17"><span class='ocrx_word' id='word_1_251' title='bbox 199 2400 442 2462; x_wconf 88' lang='lat' dir='ltr'><strong>petebant.</strong></span> <span class='ocrx_word' id='word_1_252' title='bbox 462 2396 503 2459; x_wconf 90' lang='lat'><strong>⁵)</strong></span> <span class='ocrx_word' id='word_1_253' title='bbox 536 2397 639 2443; x_wconf 90' lang='lat' dir='ltr'><strong>Nec</strong></span> <span class='ocrx_word' id='word_1_254' title='bbox 666 2398 940 2458; x_wconf 88' lang='lat' dir='ltr'><strong>quisquam,</strong></span> <span class='ocrx_word' id='word_1_255' title='bbox 1009 2398 1090 2457; x_wconf 89' lang='lat' dir='ltr'><strong>qui</strong></span> <span class='ocrx_word' id='word_1_256' title='bbox 1122 2412 1219 2441; x_wconf 85' lang='lat' dir='ltr'><strong>non</strong></span> <span class='ocrx_word' id='word_1_257' title='bbox 1249 2395 1396 2441; x_wconf 89' lang='lat' dir='ltr'><strong>hebes</strong></span> <span class='ocrx_word' id='word_1_258' title='bbox 1424 2397 1509 2456; x_wconf 88' lang='lat' dir='ltr'><strong>sit,</strong></span> <span class='ocrx_word' id='word_1_259' title='bbox 1576 2398 1628 2443; x_wconf 91' lang='lat' dir='ltr'><strong>in</strong></span> <span class='ocrx_word' id='word_1_260' title='bbox 1659 2397 1748 2443; x_wconf 87' lang='lat' dir='ltr'><strong>illis</strong></span> <span class='ocrx_word' id='word_1_261' title='bbox 1770 2397 2052 2459; x_wconf 82' lang='lat' dir='ltr'><strong>Falsidica,</strong></span> <span class='ocrx_word' id='word_1_262' title='bbox 2119 2402 2304 2463; x_wconf 80' lang='lat' dir='ltr'><strong>audax,</strong></span> 
     </span>
     <span class='ocr_line' id='line_1_26' title="bbox 199 2472 2304 2553; baseline 0.002 -18"><span class='ocrx_word' id='word_1_263' title='bbox 199 2472 565 2552; x_wconf 78' lang='lat' dir='ltr'><strong>grammaticum</strong></span> <span class='ocrx_word' id='word_1_264' title='bbox 588 2487 888 2532; x_wconf 87' lang='lat' dir='ltr'><strong>Ciceroniani</strong></span> <span class='ocrx_word' id='word_1_265' title='bbox 908 2487 1151 2545; x_wconf 80' lang='lat' dir='ltr'><strong>temporiS,</strong></span> <span class='ocrx_word' id='word_1_266' title='bbox 1180 2486 1265 2531; x_wconf 88' lang='lat' dir='ltr'><strong>sed</strong></span> <span class='ocrx_word' id='word_1_267' title='bbox 1298 2487 1467 2545; x_wconf 84' lang='lat' dir='ltr'><strong>tragici</strong></span> <span class='ocrx_word' id='word_1_268' title='bbox 1493 2488 1666 2533; x_wconf 86' lang='lat' dir='ltr'><strong>veteris</strong></span> <span class='ocrx_word' id='word_1_269' title='bbox 1694 2480 1935 2535; x_wconf 89' lang='lat' dir='ltr'><strong>scribendi</strong></span> <span class='ocrx_word' id='word_1_270' title='bbox 1968 2506 2117 2551; x_wconf 85' lang='lat' dir='ltr'><strong>genus</strong></span> <span class='ocrx_word' id='word_1_271' title='bbox 2148 2508 2304 2553; x_wconf 89' lang='lat' dir='ltr'><strong>agno-</strong></span> 
     </span>
     <span class='ocr_line' id='line_1_27' title="bbox 198 2574 2304 2644; baseline 0.002 -19"><span class='ocrx_word' id='word_1_272' title='bbox 198 2587 313 2626; x_wconf 84' lang='lat' dir='ltr'><strong>scet.</strong></span> <span class='ocrx_word' id='word_1_273' title='bbox 381 2579 790 2639; x_wconf 86' lang='lat' dir='ltr'><strong>Pragmaticorum</strong></span> <span class='ocrx_word' id='word_1_274' title='bbox 825 2592 1013 2638; x_wconf 83' lang='lat' dir='ltr'><strong>quoque</strong></span> <span class='ocrx_word' id='word_1_275' title='bbox 1047 2576 1206 2622; x_wconf 85' lang='lat' dir='ltr'><strong>locum</strong></span> <span class='ocrx_word' id='word_1_276' title='bbox 1239 2575 1364 2624; x_wconf 78' lang='lat' dir='ltr'><strong>Gen.</strong></span> <span class='ocrx_word' id='word_1_277' title='bbox 1405 2574 1525 2635; x_wconf 93' lang='lat' dir='ltr'><strong>XX,</strong></span> <span class='ocrx_word' id='word_1_278' title='bbox 1560 2584 1593 2630; x_wconf 87' lang='grc'><strong>3</strong></span> <span class='ocrx_word' id='word_1_279' title='bbox 1629 2575 1771 2637; x_wconf 86' lang='lat' dir='ltr'><strong>plane</strong></span> <span class='ocrx_word' id='word_1_280' title='bbox 1819 2578 1889 2624; x_wconf 85' lang='lat' dir='ltr'><strong>ita</strong></span> <span class='ocrx_word' id='word_1_281' title='bbox 1920 2580 2036 2626; x_wconf 86' lang='lat' dir='ltr'><strong>citat</strong></span> <span class='ocrx_word' id='word_1_282' title='bbox 2076 2588 2304 2644; x_wconf 88' lang='lat' dir='ltr'><strong>tanquam</strong></span> 
     </span>
     <span class='ocr_line' id='line_1_28' title="bbox 199 2667 2301 2729; baseline 0 -14"><span class='ocrx_word' id='word_1_283' title='bbox 199 2671 373 2716; x_wconf 82' lang='lat' dir='ltr'><strong>veteris</strong></span> <span class='ocrx_word' id='word_1_284' title='bbox 403 2675 586 2729; x_wconf 85' lang='lat' dir='ltr'><strong>poetae,</strong></span> <span class='ocrx_word' id='word_1_285' title='bbox 621 2683 761 2729; x_wconf 89' lang='lat' dir='ltr'><strong>quem</strong></span> <span class='ocrx_word' id='word_1_286' title='bbox 795 2667 1018 2727; x_wconf 82' lang='lat' dir='ltr'><strong>explicet,</strong></span> <span class='ocrx_word' id='word_1_287' title='bbox 1050 2683 1148 2713; x_wconf 86' lang='lat' dir='ltr'><strong>non</strong></span> <span class='ocrx_word' id='word_1_288' title='bbox 1182 2668 1496 2728; x_wconf 85' lang='lat' dir='ltr'><strong>grammatici,</strong></span> <span class='ocrx_word' id='word_1_289' title='bbox 1528 2682 1588 2711; x_wconf 84' lang='lat' dir='ltr'><strong>ex</strong></span> <span class='ocrx_word' id='word_1_290' title='bbox 1621 2682 1854 2727; x_wconf 84' lang='lat' dir='ltr'><strong>quorem</strong></span> <span class='ocrx_word' id='word_1_291' title='bbox 1890 2670 2051 2718; x_wconf 86' lang='lat' dir='ltr'><strong>discat.</strong></span> <span class='ocrx_word' id='word_1_292' title='bbox 2121 2670 2217 2718; x_wconf 87' lang='lat' dir='ltr'><strong>Sed</strong></span> <span class='ocrx_word' id='word_1_293' title='bbox 2250 2674 2301 2720; x_wconf 86' lang='lat' dir='ltr'><strong>in</strong></span> 
     </span>
     <span class='ocr_line' id='line_1_29' title="bbox 202 2754 2296 2817; baseline 0.002 -12"><span class='ocrx_word' id='word_1_294' title='bbox 202 2758 431 2805; x_wconf 87' lang='lat' dir='ltr'><strong>Cicerone</strong></span> <span class='ocrx_word' id='word_1_295' title='bbox 480 2763 529 2802; x_wconf 91' lang='lat' dir='ltr'><strong>et</strong></span> <span class='ocrx_word' id='word_1_296' title='bbox 560 2756 781 2803; x_wconf 83' lang='lat' dir='ltr'><strong>Varrone</strong></span> <span class='ocrx_word' id='word_1_297' title='bbox 820 2772 897 2802; x_wconf 89' lang='lat' dir='ltr'><strong>res</strong></span> <span class='ocrx_word' id='word_1_298' title='bbox 940 2759 1085 2803; x_wconf 85' lang='lat' dir='ltr'><strong>etiam</strong></span> <span class='ocrx_word' id='word_1_299' title='bbox 1132 2757 1355 2817; x_wconf 85' lang='lat' dir='ltr'><strong>apertior.</strong></span> <span class='ocrx_word' id='word_1_300' title='bbox 1425 2757 1601 2801; x_wconf 89' lang='lat' dir='ltr'><strong>Censet</strong></span> <span class='ocrx_word' id='word_1_301' title='bbox 1640 2754 1865 2803; x_wconf 83' lang='lat' dir='ltr'><strong>Osannus</strong></span> <span class='ocrx_word' id='word_1_302' title='bbox 1876 2790 1895 2813; x_wconf 89' lang='lat'><strong>,</strong></span> <span class='ocrx_word' id='word_1_303' title='bbox 1952 2757 2082 2805; x_wconf 89' lang='lat' dir='ltr'><strong>Ateii</strong></span> <span class='ocrx_word' id='word_1_304' title='bbox 2128 2760 2296 2810; x_wconf 86' lang='lat' dir='ltr'><strong>florem</strong></span> 
     </span>
    </p>

    <p class='ocr_par' dir='ltr' id='par_1_3' title="bbox 294 2874 2302 2930">
     <span class='ocr_line' id='line_1_30' title="bbox 294 2874 2302 2930; baseline 0.001 -18"><span class='ocrx_word' id='word_1_305' title='bbox 294 2883 338 2930; x_wconf 88' lang='lat'><strong>5)</strong></span> <span class='ocrx_word' id='word_1_306' title='bbox 381 2882 480 2915; x_wconf 81' lang='lat' dir='ltr'><strong>Raro</strong></span> <span class='ocrx_word' id='word_1_307' title='bbox 505 2884 546 2912; x_wconf 84' lang='lat' dir='ltr'><strong>iu</strong></span> <span class='ocrx_word' id='word_1_308' title='bbox 569 2881 754 2923; x_wconf 80' lang='lat' dir='ltr'><strong>singulari</strong></span> <span class='ocrx_word' id='word_1_309' title='bbox 778 2881 904 2925; x_wconf 82' lang='lat' dir='ltr'><strong>aliqua</strong></span> <span class='ocrx_word' id='word_1_310' title='bbox 928 2879 1049 2915; x_wconf 76' lang='lat' dir='ltr'><strong>forma</strong></span> <span class='ocrx_word' id='word_1_311' title='bbox 1074 2880 1345 2916; x_wconf 73' lang='lat' dir='ltr'><strong>vocabulorum</strong></span> <span class='ocrx_word' id='word_1_312' title='bbox 1368 2874 1583 2914; x_wconf 67' lang='lat' dir='ltr'><strong>testimonio</strong></span> <span class='ocrx_word' id='word_1_313' title='bbox 1608 2878 1812 2915; x_wconf 72' lang='lat' dir='ltr'><strong>utebantur</strong></span> <span class='ocrx_word' id='word_1_314' title='bbox 1836 2884 2090 2918; x_wconf 81' lang='lat' dir='ltr'><strong>vetustiorum</strong></span> <span class='ocrx_word' id='word_1_315' title='bbox 2114 2894 2302 2928; x_wconf 71' lang='lat' dir='ltr'><strong>gramma-</strong></span> 
     </span>
    </p>
   </div>
   <div class='ocr_carea' id='block_1_3' title="bbox 373 2941 2299 3051">
    <p class='ocr_par' dir='ltr' id='par_1_4' title="bbox 373 2941 2299 3051">
     <span class='ocr_line' id='line_1_31' title="bbox 373 2941 2299 2994; baseline 0.002 -15"><span class='ocrx_word' id='word_1_316' title='bbox 373 2946 556 2983; x_wconf 84' lang='lat' dir='ltr'><strong>ticorum,</strong></span> <span class='ocrx_word' id='word_1_317' title='bbox 604 2942 672 2986; x_wconf 84' lang='lat' dir='ltr'><strong>qui</strong></span> <span class='ocrx_word' id='word_1_318' title='bbox 696 2951 776 2976; x_wconf 81' lang='lat' dir='ltr'><strong>eam</strong></span> <span class='ocrx_word' id='word_1_319' title='bbox 805 2941 929 2977; x_wconf 84' lang='lat' dir='ltr'><strong>dedita</strong></span> <span class='ocrx_word' id='word_1_320' title='bbox 953 2953 1068 2989; x_wconf 83' lang='lat' dir='ltr'><strong>opera</strong></span> <span class='ocrx_word' id='word_1_321' title='bbox 1105 2951 1143 2978; x_wconf 85' lang='lat' dir='ltr'><strong>et</strong></span> <span class='ocrx_word' id='word_1_322' title='bbox 1166 2953 1206 2978; x_wconf 88' lang='lat' dir='ltr'><strong>re</strong></span> <span class='ocrx_word' id='word_1_323' title='bbox 1231 2944 1382 2987; x_wconf 68' lang='lat' dir='ltr'><strong>qua-sita</strong></span> <span class='ocrx_word' id='word_1_324' title='bbox 1403 2944 1574 2987; x_wconf 77' lang='lat' dir='ltr'><strong>posuisse</strong></span> <span class='ocrx_word' id='word_1_325' title='bbox 1611 2941 1852 2987; x_wconf 79' lang='lat' dir='ltr'><strong>viderentur,</strong></span> <span class='ocrx_word' id='word_1_326' title='bbox 1878 2945 1922 2983; x_wconf 73' lang='lat' dir='ltr'><strong>iu</strong></span> <span class='ocrx_word' id='word_1_327' title='bbox 1944 2954 2024 2992; x_wconf 75' lang='lat' dir='ltr'><strong>quo</strong></span> <span class='ocrx_word' id='word_1_328' title='bbox 2052 2954 2192 2992; x_wconf 78' lang='lat' dir='ltr'><strong>genere</strong></span> <span class='ocrx_word' id='word_1_329' title='bbox 2216 2948 2299 2994; x_wconf 83' lang='lat' dir='ltr'><strong>ipse</strong></span> 
     </span>
     <span class='ocr_line' id='line_1_32' title="bbox 374 3002 1450 3051; baseline -0.005 -9"><span class='ocrx_word' id='word_1_330' title='bbox 374 3005 510 3042; x_wconf 81' lang='lat' dir='ltr'><strong>Ateius</strong></span> <span class='ocrx_word' id='word_1_331' title='bbox 533 3002 755 3049; x_wconf 79' lang='lat' dir='ltr'><strong>Philologus</strong></span> <span class='ocrx_word' id='word_1_332' title='bbox 781 3003 881 3050; x_wconf 79' lang='lat' dir='ltr'><strong>apud</strong></span> <span class='ocrx_word' id='word_1_333' title='bbox 905 3003 1118 3040; x_wconf 78' lang='lat' dir='ltr'><strong>charisium</strong></span> <span class='ocrx_word' id='word_1_334' title='bbox 1141 3015 1180 3051; x_wconf 92' lang='lat' dir='ltr'><strong>p.</strong></span> <span class='ocrx_word' id='word_1_335' title='bbox 1205 3009 1273 3046; x_wconf 84' lang='lat'><strong>102</strong></span> <span class='ocrx_word' id='word_1_336' title='bbox 1297 3007 1450 3038; x_wconf 81' lang='lat' dir='ltr'><strong>citatur.</strong></span> 
     </span>
    </p>
   </div>
  </div>
 </body>
</html>
