2608 3602
2229 231 2309 293 {23

442 369 520 417 De
540 368 763 431 Parergis
785 365 939 414 multo
964 365 1125 412 minus
1145 369 1354 425 constat,
1387 365 1521 412 cuius
1542 377 1695 413 unum
1725 361 2050 427 fingmentum
2068 370 2374 430 comptissi-

267 465 656 522 mum‘superest.
689 456 834 521 (Non.
854 471 903 517 p.
926 452 1026 518 61.)
1095 455 1207 515 Quo
1239 456 1344 501 iure
1365 454 1648 501 Harduinus
1684 453 1755 516 (in
1772 455 1871 500 ind.
1892 462 2017 501 auct.
2038 473 2067 502 a
2086 457 2243 504 Plinio
2262 457 2376 505 lau-

267 549 384 612 dat.)
427 551 490 595 ad
523 548 579 593 L.
611 546 799 592 Attium
827 553 1019 605 poetam
1056 546 1306 598 retulerit,
1359 546 1489 605 quod
1531 545 1708 605 legitur
1746 547 1798 590 in
1830 545 1977 591 Plinii
2011 548 2108 591 ind.
2138 556 2264 593 auct.
2290 548 2374 595 lib.

266 639 456 687 XVIII:
475 635 646 695 Accio,
682 632 768 696 qui
787 633 1062 680 Praxidica
1090 641 1141 680 et
1163 636 1214 679 in
1234 634 1340 693 ipso
1361 632 1486 679 libro
1507 632 1682 693 XVIII,
1704 639 1791 687 55:
1822 634 2022 680 Adiecit
2040 634 2103 680 iis
2113 635 2296 683 Accius
2321 636 2373 682 in

267 727 538 777 Praxidico
551 757 569 780 ,
605 731 663 769 ut
681 731 946 781 sereretur,
974 737 1096 770 cum
1110 722 1267 769 Luna
1289 729 1415 767 esset
1438 721 1492 768 in
1508 721 1696 782 Ariete,
1721 721 1961 782 Geminis,
1984 725 2168 781 Leone,
2193 724 2371 783 Libra,

267 816 524 882 Aquario,
555 821 605 860 et
628 812 720 859 hoc
745 830 865 876 opus
883 815 1014 861 idem
1039 828 1145 859 esse
1164 828 1220 858 ac
1236 814 1529 874 pragmatica
1548 814 1746 871 dixerit,
1778 813 1954 859 nescio.

444 904 570 950 Illud
594 893 864 950 extremum
899 905 992 962 sit,
1026 919 1090 948 ne
1122 901 1350 950 Annales
1385 903 1577 964 quidem
1603 903 1661 949 L.
1688 902 1830 962 Attii,
1864 919 2070 964 quorum
2099 902 2370 967 fragmenta

263 1002 378 1059 post
412 994 708 1054 Stephanum
746 994 973 1041 indicavit
998 993 1037 1039 I.
1068 992 1129 1038 G.
1159 992 1359 1039 Vossius
1391 988 1473 1050 (de
1502 991 1615 1048 hist.
1647 992 1751 1039 Lat.
1787 992 1822 1039 I.
1853 1011 1894 1039 c.
1917 998 1949 1045 7
1983 1010 2032 1053 p.
2060 1003 2136 1047 10.
2219 994 2369 1056 Oper.

264 1083 377 1132 Vol.
395 1082 513 1146 Iv.)‚
531 1084 593 1129 ab
613 1083 707 1129 hoc
729 1084 917 1129 erudito
944 1099 999 1129 ac
1016 1098 1155 1143 paene
1172 1083 1481 1144 grammatico
1501 1098 1677 1143 genere
1696 1083 2005 1130 abhorruisse
2023 1084 2199 1145 videri,
2230 1102 2370 1132 eam-

265 1189 359 1237 que
380 1172 583 1220 fortasse
611 1188 803 1219 causam
818 1187 946 1232 esse,
987 1188 1075 1219 cur
1103 1178 1203 1218 tam
1227 1187 1338 1219 raro
1368 1188 1397 1218 a
1425 1171 1765 1234 Grammaticis
1797 1173 2028 1234 citentur3
2049 1174 2187 1235 ‚quod
2218 1190 2369 1222 unum

264 1270 339 1310 est
358 1262 683 1325 fragmentum
710 1261 922 1323 plurium
946 1277 1199 1322 versuum,
1233 1263 1286 1308 in
1315 1277 1375 1308 eo
1396 1261 1778 1309 Saturnaliorum
1797 1261 2129 1308 Romanorum
2163 1266 2298 1327 origo
2339 1281 2368 1310 a

265 1351 549 1400 Graecorum
570 1331 648 1400 die
668 1350 794 1399 festo
816 1353 1087 1402 derivatur.
1143 1349 1288 1414 Apud
1315 1351 1512 1402 Festum
1527 1386 1541 1413 ‚
1583 1352 1721 1416 quis.
1742 1367 1787 1402 v.
1811 1349 2008 1400 Metelli
2025 1350 2198 1400 horum
2216 1369 2369 1401 anna-

263 1441 383 1491 lium
404 1442 581 1491 librum
604 1440 795 1491 XXVII
815 1435 993 1502 laudat,
1013 1458 1149 1490 error
1171 1443 1274 1489 sine
1294 1442 1439 1490 dubio
1460 1457 1753 1506 permagnus
1775 1421 1850 1491 est
1870 1443 1921 1491 in
1941 1457 2157 1490 numero.

437 1882 560 1928 Haec
593 1883 892 1942 scripsimus,
917 1920 919 1923 ,
943 1887 1000 1926 ut
1024 1880 1244 1926 homines
1278 1888 1329 1927 et
1361 1880 1609 1927 literarum
1637 1881 1876 1928 studiosos
1910 1889 1962 1929 et
1993 1884 2161 1944 patriae
2193 1899 2366 1933 aman-

263 1982 335 2020 tes
363 1974 677 2020 invitaremus
712 1972 773 2016 ad
799 1969 977 2016 festum
1013 1977 1301 2017 conventum
1327 1971 1578 2017 nobiscum
1612 1971 1914 2032 obeundum,
1950 1989 2092 2035 quem
2124 1977 2365 2022 academia

260 2069 425 2110 nostra
489 2063 568 2107 die
630 2060 781 2107 natali
826 2059 1122 2106 FREDE
1131 2057 1225 2105 ΕΙ
1234 2058 1317 2106 CI
1367 2060 1534 2129 SEX
1546 2060 1650 2119 TI,
1712 2060 1966 2109 literarum
2005 2065 2365 2127 studiorumque

260 2150 582 2198 liberalissimi
613 2148 841 2208 fautoris,
869 2149 1038 2209 patriae
1064 2149 1301 2209 parentis,
1342 2148 1508 2195 salutis
1540 2148 1745 2209 publicae
1777 2152 1907 2198 inter
1926 2151 2213 2215 multiplices
2242 2152 2366 2200 alio-

260 2257 372 2289 rum
406 2241 717 2302 imperiorum
751 2239 916 2286 turbas
954 2246 1004 2285 et
1035 2237 1249 2300 pericula
1282 2240 1479 2298 tutoris,
1538 2238 1743 2286 feliciter
1771 2242 2007 2290 redeunte
2039 2251 2159 2305 aget.
2227 2244 2365 2292 Con-

259 2332 478 2389 venient,
525 2332 606 2393 qui
632 2330 707 2377 his
745 2328 1058 2376 sollemnibus
1089 2330 1318 2375 interesse
1348 2327 1530 2388 volent,
1569 2329 1648 2375 die
1668 2328 1732 2377 V.
1766 2334 1941 2379 mensis
1967 2333 2217 2380 Februarii
2243 2332 2365 2380 hora

260 2420 353 2467 XII
372 2401 694 2468 inauditorio
728 2422 896 2468 domus
929 2421 1088 2481 regiae.
1153 2419 1227 2465 Ibi
1259 2419 1400 2470 IAN
1406 2419 1491 2466 US
1538 2419 1617 2466 W
1608 2419 1848 2469 ILKEN
1874 2423 2365 2481 HORNEMANN,

258 2511 585 2558 universitatis
620 2519 803 2570 rector,
841 2509 1036 2571 publica
1070 2511 1312 2569 oratione,
1356 2525 1499 2571 quam
1528 2509 1705 2557 iustam
1739 2510 1830 2559 sibi
1860 2512 1922 2559 de
1950 2512 2035 2560 tali
2059 2529 2173 2576 rege
2193 2520 2365 2576 gratu·-

258 2598 391 2646 landi
412 2615 604 2647 causam
624 2601 865 2647 academia
887 2607 1051 2647 nostra
1067 2598 1257 2660 habeat,
1281 2599 1512 2659 ostendet,
1531 2601 1804 2647 memoratis
1830 2607 1936 2649 tum
1958 2605 2143 2665 ceteris,
2175 2619 2281 2666 quae
2301 2604 2364 2651 ab

261 2704 319 2735 eo
347 2689 409 2735 ad
429 2692 589 2737 omnia
608 2690 854 2737 literarum
884 2704 1080 2750 genera,
1113 2696 1219 2736 tum
1251 2689 1517 2749 praecipue,
1565 2705 1672 2751 qnae
1700 2690 1761 2736 ad
1792 2698 1982 2739 naturae
2005 2694 2364 2753 perscrutandae

258 2777 416 2826 studia
441 2777 656 2839 profecta
688 2786 814 2838 sunt,
841 2778 1098 2826 beneficiis.
1153 2777 1287 2825 Idem
1310 2793 1443 2824 more
1464 2777 1605 2824 solito
1626 2785 1851 2827 eventum
1873 2783 2144 2828 certaminis
2164 2781 2365 2830 literarii

258 2869 433 2917 civium
465 2866 864 2916 Academicorum
897 2870 1010 2915 anni
1037 2870 1295 2929 superioris
1333 2875 1567 2929 exponet,
1614 2869 1791 2917 iudicia
1832 2887 2085 2918 censorum
2123 2872 2365 2934 praelegeg

258 2959 553 3023 victoresque
571 2960 888 3007 renunciabit.
961 2959 1176 3006 Proximi
1222 2960 1491 3006 certaminis
1538 2962 1791 3008 materiam
1830 2963 2128 3029 praebebunt⁴
2148 2962 2364 3011 themata
