2608 3602
2226 216 2289 269 19

266 364 324 396 eo
351 355 589 409 tempore,
636 362 731 409 quo
764 347 950 406 primus
982 344 1177 392 annales
1210 360 1374 394 rerum
1404 343 1736 393 Romanarum
1773 344 1972 391 Latinos
2002 344 2181 391 Fabius
2212 347 2359 395 edidit·

263 438 622 500 scribendaeque
661 436 875 483 historiae
913 440 1056 481 tenue
1088 436 1278 482 initium
1324 434 1507 482 factum
1541 445 1634 496 est,
1665 437 1727 483 de
1759 434 1918 483 verbis
1951 436 2144 495 priscis,
2187 436 2249 481 de
2281 433 2363 481 faa—

261 531 344 576 stis
359 563 373 590 ,
432 530 493 575 de
525 543 580 573 re
615 526 836 580 militari,
887 525 945 571 de
987 526 1237 573 consulum
1280 532 1519 586 potestate
1559 527 1824 589 similiaque
1857 527 2104 586 scripsisse
2138 533 2363 587 narrant,

262 620 344 681 qui
378 634 514 665 error
549 618 665 664 olim
701 632 729 661 a
763 614 997 676 Longolio
1033 615 1389 662 animadversus
1423 622 1521 675 est,
1588 631 1743 676 nuper
1784 633 1814 661 a
1842 617 2067 678 Zumptio
2111 614 2180 679 (in
2222 614 2366 661 Iahr-

260 708 403 754 biieh.
434 706 468 754 f.
505 705 784 753 wissensch.
829 703 994 751 Critik.
1061 699 1211 762 ο1829.
1276 703 1333 749 Π.
1385 704 1444 750 Ν.
1481 704 1579 767 12.)
1625 704 1853 753 sublatus.
1955 705 2141 753 Verum
2185 703 2364 763 Attius,

261 800 389 845 inter
421 813 563 858 quem
597 802 646 841 et
676 796 946 857 superiores
977 791 1086 839 illos
1120 791 1380 853 Pacuvius,
1444 795 1643 841 dimidio
1676 793 1836 841 seculo
1865 794 2042 854 maior,
2084 796 2362 841 interiectus

263 893 382 946 erat,
416 888 537 934 vixit
565 903 671 933 cum
703 887 757 933 C.
787 884 991 943 Lucilio,
1022 883 1104 945 qui
1137 885 1228 929 etsi
1259 892 1376 930 natu
1404 886 1563 931 minor
1596 884 1702 946 fuit,
1732 893 1895 933 tamen
1931 891 2046 931 ante
2075 874 2264 931 Attium
2291 890 2362 930 est

262 982 508 1037 mortuus3
540 978 765 1038 grandior
787 977 891 1021 eius
917 980 1033 1020 aetas
1057 975 1108 1019 in
1131 975 1182 1020 id
1215 980 1404 1035 tempus
1430 976 1612 1036 incidit,
1646 993 1741 1039 quo
1764 977 2186 1040 grammaticorum
2202 974 2363 1021 studia

262 1067 435 1113 Romae
476 1065 728 1113 fervebant
770 1065 884 1128 (vid.
929 1064 1121 1110 Sueton.
1152 1065 1213 1110 de
1249 1063 1393 1112 illust.
1440 1082 1640 1127 gramm.
1690 1084 1732 1113 c.
1775 1064 1867 1127 3.),
1920 1065 2181 1126 habuitque
2221 1078 2362 1125 paene

261 1156 516 1218 aequalem,
549 1155 694 1216 paulo
729 1161 871 1200 aetate
902 1152 1205 1214 inferiorem,
1240 1154 1295 1201 L.
1331 1154 1510 1201 AElium
1546 1156 1778 1203 Stilonem
1811 1155 2175 1213 Praeconinum,
2218 1153 2365 1200 huius

261 1248 405 1293 studii
438 1262 577 1307 paene
609 1246 874 1305 principem
907 1244 1035 1290 inter
1067 1243 1336 1304 Romanos»,
1384 1243 1957 1309 Varronismagistrum,
2009 1245 2090 1307 qui
2121 1259 2162 1293 a.
2197 1245 2300 1297 654
2328 1256 2365 1287 S·

264 1343 365 1389 100
387 1334 638 1385 Metellum
663 1334 973 1381 Numidicum
1001 1335 1053 1381 in
1080 1332 1300 1381 exsilium
1332 1341 1525 1381 secutus
1549 1341 1634 1395 est,
1669 1350 1909 1398 quemque.
1928 1335 2120 1393 Cicero,
2151 1333 2229 1395 qui
2254 1346 2365 1378 cum

262 1424 396 1470 Attio
419 1431 599 1470 exactae
623 1425 784 1471 aetatis·
803 1439 917 1470 sene
941 1422 1206 1471 collocutus
1233 1429 1320 1484 est,
1342 1422 1619 1471 adolescens
1642 1426 1883 1472 seniorem
1902 1425 2085 1471 audivit
2112 1422 2267 1486 (Brut.
2287 1422 2364 1478 56,

263 1512 397 1575 207).
468 1515 646 1560 Saevius
681 1530 869 1576 quoque
903 1516 1112 1561 Nicanor
1142 1512 1357 1575 (Sueton.
1392 1516 1452 1562 de
1481 1515 1549 1562 ill.
1583 1533 1782 1578 gramm.
1817 1514 1869 1578 5)
1910 1523 1959 1561 et
1989 1511 2212 1561 Aurelius
2238 1509 2365 1571 Opi-

262 1605 378 1662 lius,
448 1606 528 1666 qui
572 1621 613 1652 a.
647 1606 744 1657 662
780 1620 815 1650 s.
847 1612 911 1663 92
956 1604 1013 1650 P.
1047 1604 1285 1650 Rutilium
1312 1604 1499 1651 Rufum
1542 1608 1594 1652 in
1628 1606 1791 1653 Asiam
1835 1614 1908 1652 est
1951 1612 2169 1664 secutus,
2215 1616 2364 1664 quum

260 1695 434 1741 Romae
456 1692 824 1754 philosophiam,
858 1694 1032 1738 deinde
1053 1693 1356 1749 rhetoricam,
1385 1695 1447 1739 ad
1482 1669 1751 1743 extremum
1782 1696 2144 1754 grammaticam
2175 1692 2368 1740 docuis-

263 1794 336 1830 set
370 1782 518 1843 (Suet.
549 1780 582 1823 l.
608 1797 647 1824 e.
677 1777 753 1839 6),
797 1777 931 1824 Attio
965 1785 1243 1824 senescente
1274 1777 1553 1826 floruerunt.
1620 1779 1779 1841 Atque
1811 1781 1905 1826 hoc
1937 1788 2155 1841 tempore
2185 1784 2364 1842 quanto

263 1888 410 1934 opere
434 1867 710 1916 huiusmodi
734 1867 891 1914 studia
925 1867 1054 1928 apud
1080 1881 1247 1913 omnes
1281 1866 1534 1928 viguerint,
1563 1874 1697 1930 patet
1727 1867 1803 1916 vel
1837 1884 1899 1915 ex
1927 1868 2098 1916 Lucilii
2127 1867 2361 1929 exemplo,

263 1962 347 2025 qui
375 1959 500 2006 libro
536 1971 664 2003 nono
710 1957 964 2003 satirarum
1004 1954 1377 2017 orthographica
1419 1958 1488 2003 ita
1521 1959 1766 2018 tractavit,
1800 1966 1858 2006 ut
1887 1960 1948 2006 de
1981 1959 2177 2023 singulis
2211 1958 2362 2004 literis

260 2055 502 2115 praecepta
533 2047 756 2107 deinceps
782 2052 998 2108 poneret,
1033 2051 1082 2092 et
1113 2046 1165 2092 in
1197 2044 1272 2091 his
1303 2046 1447 2094 rebus
1479 2055 1649 2096 auctor
1676 2065 1706 2095 a
1730 2050 2078 2111 posterioribus
2100 2051 2271 2096 citatus
2292 2055 2364 2093 est

264 2142 376 2206 (vid.
407 2138 606 2200 fragm,
653 2138 864 2183 maxime
898 2136 1065 2196 Quint.
1102 2145 1145 2194 1,
1169 2136 1215 2194 6,
1236 2142 1284 2189 8.
1318 2144 1362 2195 1,
1382 2142 1428 2197 7,
1454 2144 1532 2192 15.
1570 2148 1617 2195 1,
1636 2144 1682 2199 7,
1707 2149 1785 2200 19.
1863 2140 1971 2188 Vel.
2002 2140 2153 2202 Long.
2185 2140 2245 2185 de
2279 2153 2365 2184 or-

262 2230 420 2290 thogr.
450 2244 497 2289 p.
535 2231 668 2280 2214
701 2233 750 2272 et
785 2233 919 2280 2220
948 2226 1029 2285 P.,
1062 2225 1223 2271 Scaur.
1258 2227 1318 2272 de
1351 2227 1562 2289 orthogr.
1594 2245 1642 2290 p.
1681 2228 1847 2292 2255).
1925 2230 2077 2294 Erant
2109 2230 2236 2276 docti
2269 2228 2364 2273 ho-

262 2322 417 2367 mines
451 2324 500 2363 et
531 2315 681 2362 literis
714 2311 962 2375 instructi,
1019 2315 1284 2361 carminum
1313 2317 1688 2374 existimatores,
1750 2326 1805 2366 ut
1834 2319 2024 2366 Persius
2058 2317 2163 2374 ille,
2227 2318 2361 2363 cuius

262 2407 475 2455 Lucilius
507 2421 559 2450 se
592 2405 822 2451 iudicium
853 2402 1171 2460 reformidare
1206 2404 1513 2466 significabat.
1583 2407 1913 2455 Exercebatur
1946 2407 2007 2454 ab
2044 2409 2147 2467 ipso
2174 2406 2363 2453 Lucilio

262 2498 480 2545 versibus
506 2496 671 2541 critica
706 2495 924 2555 quaedam
954 2501 1233 2555 poematum
1261 2510 1461 2542 censura
1495 2495 1640 2559 (Gell.
1660 2496 1811 2558 XVII,
1837 2505 1902 2551 21
1939 2495 2216 2560 clariorque
2248 2502 2364 2542 tunc

264 2586 318 2633 in
338 2582 586 2648 poematis
615 2598 785 2628 eorum
819 2582 1151 2630 obtrectandis
1185 2582 1413 2631 Lucilius
1438 2582 1583 2643 fuit3
1646 2586 1751 2633 coll.
1780 2585 1956 2635 Horat.
1996 2595 2084 2635 sat.
2115 2587 2150 2646 1,
2187 2592 2263 2645 10,
2297 2591 2363 2640 53

265 2673 385 2739 sqq.)
402 2675 449 2739 ⁹)
482 2675 623 2721 Patet
650 2675 761 2733 iam,
794 2673 1006 2721 notabile
1033 2675 1185 2723 videri
1218 2675 1269 2720 in
1302 2672 1435 2721 Attio
1468 2675 1588 2723 illud
1616 2676 1856 2724 scribendi
1884 2692 2048 2741 genuS,
2079 2692 2175 2726 nou
2209 2677 2363 2723 mira-

359 2911 399 2957 9)
443 2906 624 2944 Perverse
649 2905 763 2951 volgo
796 2913 989 2941 extremus
1012 2917 1145 2943 versus
1172 2910 1225 2945 ita
1247 2910 1531 2954 interpungitur
1555 2917 1594 2945 et
1617 2911 1851 2957 explicatur,
1893 2914 2003 2957 quasi
2025 2910 2212 2953 Lucilius,
2245 2922 2364 2956 quum

445 2969 490 3004 de
516 2979 554 3003 se
576 2969 810 3012 loqueretur,
834 2969 921 3002 aliis
944 2968 1120 3005 omuibus
1146 2982 1167 3004 a
1191 2982 1232 3006 se
1256 2975 1439 3016 reprensis
1456 2982 1496 3007 se
1522 2971 1697 3017 praeferre
1723 2975 1859 3009 solitus
1874 2977 1934 3009 sit.
1953 2973 2058 3009 Nihil
2071 2978 2188 3019 magis
2211 2972 2256 3009 ab
2283 2972 2364 3008 Ho-

2053 3041 2104 3083 3*
