2608 3602
344 185 410 233 18

277 335 396 369 nam
448 319 577 383 quod
620 329 828 364 summoe
857 328 956 379 pro
1003 311 1096 359 illa
1139 320 1292 360 oetate
1336 310 1576 360 doctrinae
1617 309 1796 360 librum
1836 312 1984 363 fuisse
2031 316 2171 378 dicit,
2236 326 2287 367 et
2328 322 2388 369 de

280 410 413 458 chori
444 408 794 471 negligentiore
823 408 917 453 iam
954 403 1085 464 apud
1101 402 1388 465 Euripidem
1420 418 1511 449 usu
1534 400 1713 462 fusius
1745 406 2016 466 expositum
2050 405 2212 468 fuisse,
2244 424 2386 471 quam

277 515 368 562 pro
401 497 521 546 Attii
553 501 710 546 aetatis
745 497 1043 554 eruditione,
1088 488 1228 556 quam
1263 494 1361 542 late
1388 494 1497 541 fusa
1523 491 1675 540 fuerit
1704 493 1788 540 illa
1815 497 2104 557 disputatio,
2136 514 2235 544 non
2266 515 2389 545 con-

279 596 376 636 stat
385 606 400 651 3
436 590 669 636 doctrinae
701 586 894 633 laudem
926 601 1027 632 non
1059 582 1263 631 detraho
1296 583 1430 632 libris
1465 598 1603 645 paene
1638 584 1830 644 ignotis,
1864 587 1949 633 sed
1982 594 2144 634 tamen
2162 604 2220 634 ea
2249 603 2311 633 ex
2328 603 2386 634 eo

278 693 377 725 non
413 678 741 737 confirmatur,
776 677 906 739 quod
935 676 1104 722 Cicero
1136 689 1331 734 gravem
1367 689 1582 721 errorem
1625 679 1786 732 notat,
1822 673 1982 722 Varro
2016 679 2076 724 de
2108 678 2270 725 Plauti
2302 693 2388 723 co-

278 768 470 828 moedia
501 767 737 826 dissentit,
802 764 990 812 Gellius
1023 764 1306 824 scriptorem
1339 762 1527 826 frigidis
1556 764 1848 826 argumentis
1881 781 2023 815 usum
2068 770 2275 834 iudicat3
2340 775 2390 818 et

281 868 397 907 sunt
430 875 544 906 sane
570 858 760 918 frigida.
830 856 1114 902 Graecarum
1148 854 1342 916 quidem
1376 854 1625 900 literarum
1659 870 1716 900 ea
1749 856 1981 917 cogniti0‚
2034 867 2089 906 ut
2122 861 2302 924 aliquid
2328 862 2390 909 de

281 950 472 1010 tragicis
509 949 670 994 dicere
703 948 944 1008 potuerit,
1009 961 1108 992 non
1150 944 1472 990 dubitandum
1518 952 1613 1004 est,
1672 947 1789 1007 quin
1834 947 1885 991 in
1912 943 2046 993 Attio
2078 948 2242 1012 fuerit,
2308 955 2391 1015 qui

276 1038 452 1086 multas
481 1036 673 1085 fabulas
705 1053 735 1083 a
767 1036 952 1084 Graecis
988 1037 1048 1083 ad
1085 1033 1329 1080 Romanos
1364 1033 1624 1081 transtulit.
1696 1034 1804 1095 Ipsa
1843 1042 1917 1081 est
1949 1036 2223 1100 diligentius
2270 1057 2391 1088 con·-

278 1128 533 1176 sideranda
565 1127 813 1185 dubitatio,
850 1126 979 1187 quod
1014 1141 1121 1171 cum
1157 1125 1230 1184 iis,
1263 1141 1370 1186 quae
1404 1125 1543 1170 initio
1565 1123 1708 1170 huius
1728 1129 2144 1175 commentationis
2168 1131 2391 1190 diximus,

279 1219 536 1265 coniuncta
562 1225 653 1277 est,-
678 1216 879 1264 cadatne
908 1229 1057 1279 genus
1092 1220 1250 1262 totum
1281 1215 1562 1276 scriptionis·
1579 1215 1631 1260 in
1649 1211 1836 1261 Attium
1858 1231 2060 1279 eamque
2086 1226 2293 1267 aetatem.
2335 1220 2391 1267 In

280 1322 375 1369 quo
406 1307 672 1354 cavendum
710 1312 796 1365 est,
824 1320 916 1360 ne,
949 1304 1077 1366 quod
1113 1304 1333 1364 superius
1366 1305 1525 1366 attigi,
1557 1302 1676 1350 nihil
1716 1305 1948 1352 interesse
1980 1309 2233 1357 credamus
2266 1312 2393 1358 inter

278 1404 501 1457 tempora
535 1395 675 1444 valde
719 1397 934 1449 diversa,
984 1394 1468 1456 constituendumque
1503 1395 1797 1454 accuratius,
1847 1396 1974 1443 inter
2008 1414 2124 1459 quos
2159 1398 2392 1462 homines,

279 1504 374 1550 qua
402 1486 653 1533 literarum
686 1494 829 1533 aetate
863 1482 1023 1531 Attius
1051 1486 1250 1545 vixerit3
1313 1501 1428 1531 nam
1484 1487 1526 1532 si
1561 1485 1688 1532 Livii
1722 1483 1985 1532 Andronici
2017 1496 2101 1535 aut
2124 1490 2277 1539 Naevii
2310 1498 2393 1538 aut

278 1577 425 1624 Ennii
458 1579 604 1624 etiam
632 1577 730 1624 tale
757 1577 990 1636 scriptum
1026 1572 1262 1633 ferretur,
1313 1576 1419 1620 iure
1466 1576 1791 1644 dubitaretur3
1848 1583 1974 1623 esset
2005 1579 2134 1625 enim
2167 1596 2264 1626 non
2296 1583 2395 1627 mi·-

279 1682 373 1714 nus
403 1665 508 1713 fere
543 1668 718 1713 mirum
728 1681 757 1722 ,⁷
779 1681 922 1724 quam
962 1664 1089 1721 quod
1122 1662 1266 1721 vulgo
1300 1665 1361 1707 de
1393 1664 1451 1706 L.
1486 1665 1651 1708 Cincio
1686 1662 1930 1710 Alimento
1965 1669 2199 1729 traditur,
2245 1686 2390 1732 quem

455 1891 555 1938 apud
570 1890 782 1927 Asconium
804 1890 875 1925 illo
902 1890 989 1924 loco
1016 1888 1161 1924 excidit
1185 1887 1278 1930 (vid.
1297 1899 1433 1924 comm.
1459 1888 1505 1923 de
1521 1887 1662 1923 Ascon.
1686 1890 1712 1922 l.
1737 1891 1800 1932 c.),
1825 1891 1894 1934 qui
1914 1889 2027 1935 ludos
2051 1893 2201 1928 votivos
2218 1895 2389 1940 ipsorum

457 1953 657 1989 consulum
679 1957 1026 1989 commemorarent.
1056 1948 1099 1985 Id
1116 1949 1182 1984 alii
1200 1950 1402 1985 consulum
1424 1953 1646 1986 auctoritate
1665 1952 1882 1987 institutum
1899 1951 2111 1997 narrabant,
2136 1961 2179 1988 ut
2197 1953 2328 1993 Cicero
2350 1962 2393 1994 in

459 2022 552 2049 orat.
579 2015 625 2049 de
643 2014 796 2059 harusp.
819 2024 917 2060 resp.
942 2019 981 2047 et
1005 2013 1071 2046 alii
1095 2010 1196 2056 apud
1212 2010 1294 2046 Liv.
1320 2010 1508 2054 XXXIV,
1530 2015 1589 2054 54,
1611 2014 1657 2054 8;
1682 2015 1823 2058 verius,
1847 2020 1891 2049 ut
1914 2013 2078 2061 videtur,
2102 2015 2169 2052 alii
2192 2028 2393 2057 censorum

457 2074 550 2112 Sex.
571 2076 667 2110 AElii
689 2075 780 2110 Paeti
804 2083 842 2110 et
862 2078 898 2109 C.
926 2073 1083 2109 Cornelii
1109 2072 1259 2118 Cethegi
1284 2071 1382 2114 (Liv.
1409 2073 1608 2117 XXXIV,
1659 2076 1706 2114 44
1737 2081 1775 2109 et
1810 2075 1985 2111 Valerius
2010 2075 2175 2121 Antias).
2221 2080 2299 2117 Iam
2324 2086 2394 2127 qui

454 2137 530 2172 hoc
558 2147 658 2171 anno
683 2139 825 2181 primos
852 2135 965 2170 ludos
989 2136 1157 2169 scenicos
1178 2140 1278 2168 actos
1300 2143 1452 2176 errore,
1477 2142 1520 2169 ut
1544 2135 1641 2180 dixi,
1665 2135 1878 2177 credebant,
1905 2137 2186 2182 coniungebant
2210 2151 2298 2177 cum
2323 2142 2392 2179 Ce-

455 2198 565 2242 thegi
590 2198 758 2231 nomine.
812 2197 911 2232 Hinc
935 2195 1102 2239 sactum,
1147 2202 1191 2229 ut
1218 2197 1259 2229 in
1283 2197 1405 2239 ipsius
1429 2194 1469 2233 C.
1497 2195 1665 2231 Cornelii
1683 2194 1840 2242 Cethegi
1867 2204 1904 2231 et
1925 2194 1973 2241 Q.
1996 2197 2160 2235 Minucii
2184 2201 2274 2238 Rufi
2298 2216 2394 2240 con·

454 2260 620 2293 sulatum
644 2268 678 2291 a.
704 2260 776 2295 557
797 2267 825 2290 s.
854 2260 923 2295 197
943 2255 1211 2290 transferretur
1233 2266 1350 2290 scenae
1384 2259 1515 2301 origo,
1550 2263 1594 2290 ut
1627 2255 1673 2290 ab
1710 2255 1819 2291 Attio
1852 2257 1994 2293 sactum
2033 2259 2226 2305 videmus,
2274 2275 2393 2309 quum

455 2321 661 2365 praesertim
686 2328 732 2351 eo
757 2326 857 2351 anno
880 2316 963 2349 ludi
985 2315 1145 2350 Romani
1172 2317 1494 2362 magmficentius,
1528 2329 1641 2363 quam
1663 2318 1784 2361 alias,
1810 2318 1917 2363 facti
1940 2325 1979 2352 et
2007 2320 2134 2355 loetius
2156 2327 2316 2369 spectati
2338 2333 2394 2360 to-

457 2380 559 2426 tique
581 2384 638 2412 ter
663 2376 872 2412 instaurati
899 2382 1023 2410 essent
1071 2375 1169 2419 (Liv.
1187 2375 1386 2420 XXXIII,
1411 2378 1489 2418 25).
1557 2376 1734 2422 Denique
1769 2390 1803 2413 a·
1828 2382 1898 2419 563
1922 2392 1950 2417 s.
1973 2385 2038 2422 191
2069 2393 2187 2427 quum
2209 2388 2393 2432 templum

456 2440 593 2473 Matris
617 2431 718 2471 Idaeae}
746 2437 1006 2477 dedicaretur,
1035 2435 1338 2482 magnificentius
1361 2439 1443 2471 siue
1469 2435 1587 2471 dubio
1614 2441 1696 2473 eius
1724 2437 1805 2474 ludi
1831 2438 1939 2482 facti;
1971 2443 2099 2488 itaque
2121 2443 2300 2491 fuerunt,
2327 2453 2393 2494 qui

456 2502 532 2536 hoc
559 2500 710 2534 demum
734 2510 834 2532 anno
859 2501 1045 2533 scenicam
1068 2501 1254 2531 actionem
1279 2498 1442 2532 additam
1466 2499 1678 2542 traderent,
1700 2499 1836 2534 deinde
1861 2512 1929 2545 eo,
1948 2514 2026 2547 quo
2053 2507 2223 2552 ostendi,
2252 2520 2394 2557 errore,

458 2563 612 2596 omnino
637 2559 710 2595 hoc
733 2571 832 2595 anno
854 2561 998 2605 primos
1022 2557 1131 2593 ludos
1157 2560 1326 2593 scenicos
1356 2566 1469 2600 actos,
1493 2567 1538 2594 ut
1562 2558 1696 2594 Antias
1722 2559 1818 2603 (Liv.
1844 2562 2126 2609 XXXVI,!36).
2162 2567 2237 2602 Sed
2261 2571 2394 2606 eodem
2465 2583 2476 2594 .

460 2631 560 2657 anno
578 2620 786 2656 Iuventatis
811 2618 895 2654 ludi
917 2618 1032 2659 facti3
1066 2620 1192 2663 itaque
1217 2617 1263 2653 ad
1286 2618 1356 2653 hos
1381 2618 1483 2654 idem
1507 2620 1748 2663 translatum3
1771 2621 1845 2658 hoc
1870 2634 1998 2660 errore
2022 2637 2109 2662 cum
2128 2629 2256 2672 altero,
2280 2642 2394 2677 quem

457 2683 622 2727 exposui
649 2682 764 2726 paulo
787 2688 885 2726 ante,
909 2682 1116 2714 coniuncto
1142 2682 1265 2714 oritur
1288 2687 1366 2715 tota
1390 2680 1489 2715 Attii
1512 2684 1619 2716 ratio.
1666 2682 1752 2717 Non
1777 2684 1862 2719 dico
1896 2685 2000 2721 hunc
2024 2697 2196 2724 errorum
2221 2691 2392 2726 ordinem

459 2751 604 2778 certum
629 2752 722 2783 esse,
747 2753 865 2786 quum
883 2752 931 2775 ne
952 2740 1104 2774 Livium
1121 2740 1275 2784 quidem
1295 2742 1444 2785 singula
1466 2744 1546 2777 sine
1566 2742 1789 2779 confusione
1809 2746 2006 2782 tradidisse
2032 2757 2203 2794 praestare
2231 2755 2393 2796 possim;

461 2803 526 2837 sed
551 2809 650 2846 patet
686 2813 797 2836 causa
821 2801 983 2836 errandi.
1016 2800 1285 2835 Recentiorum
1310 2800 1610 2846 perturbationes
1638 2803 1754 2839 huius
1779 2809 1835 2841 rei
1859 2810 2006 2846 omitto.
2062 2806 2248 2857 Osannus,
2275 2823 2392 2857 quum

459 2873 582 2900 tamen
608 2863 690 2897 data
715 2874 827 2907 opera
853 2863 1064 2898 dissensum
1089 2863 1200 2897 illum
1227 2861 1328 2897 Attii
1352 2871 1389 2897 et
1413 2862 1603 2900 Ciceronis
1627 2873 1816 2909 tractaret,
1843 2875 1965 2904 totum
1989 2870 2063 2906 hoc
2088 2872 2135 2909 de
2160 2872 2261 2909 ludis
2284 2875 2394 2919 igno-

460 2928 601 2961 ravisse
626 2924 795 2965 videtui-3
836 2925 1037 2960 Duker-um
1075 2927 1193 2960 miror
1217 2921 1453 2960 Ciceroniani
1476 2926 1551 2962 loci
1577 2931 1762 2965 rationem
1785 2941 1862 2965 non
1888 2931 2079 2969 habuisse.
