2608 3602
327 196 362 243 4

258 331 455 383 scentia,
488 328 579 374 etsi
608 326 767 390 aliqua
799 325 1059 374 fuit-rudis
1088 331 1228 386 aetas3
1260 324 1367 371 haec
1400 323 1527 370 enim
1553 324 1605 371 in
1639 340 1697 371 eo
1729 324 2021 389 elaborabat,
2056 336 2112 377 ut
2139 339 2361 396 peregri-

257 438 369 469 nam
399 418 649 465 literarum
685 416 985 464 excultarum
1018 413 1225 461 formam
1262 416 1478 461 nondum
1510 423 1780 475 praeparata
1815 418 1877 462 ad
1914 435 2019 464 eam
2053 436 2157 466 rem
2203 430 2366 470 mate-

256 512 329 558 ria
364 515 413 555 et
444 507 692 555 elementis
727 508 787 553 ad
819 523 872 552 se
916 504 1224 565 transferret3
1290 504 1609 551 adolescentia
1656 512 1818 551 autem
1862 523 1919 553 ea
1962 510 2152 555 videtur
2194 512 2366 571 appel-

258 598 426 658 landa,
464 614 611 659 quum
641 596 888 659 ingenium
921 593 1077 642 alacre
1110 600 1158 640 et
1189 600 1415 656 vegetum
1448 611 1476 641 a
1503 594 1668 655 primis
1695 598 2026 644 conaminibus
2044 616 2355 661 progressum

256 690 379 738 vires
425 692 618 733 exercet
659 701 870 748 opesque
911 685 1090 746 promit
1134 688 1184 730 et
1215 680 1422 740 formas,
1466 683 1637 746 quibus
1672 699 1742 730 eae
1785 688 2134 747 contineantur,
2191 689 2355 750 ipsum

256 778 346 827 sibi
375 777 525 840 fingit,
552 792 651 824 non
677 777 779 822 sine
799 774 985 836 legibus
1014 774 1143 839 (nam
1167 779 1271 819 tum
1303 790 1492 836 quoque
1515 773 1644 835 leges
1669 774 1895 836 sequitur,
1923 778 2163 840 quasjipsa
2183 786 2357 827 natura

257 866 551 931 praescribit,
621 880 796 927 easque
833 865 1012 910 sensim
1047 879 1144 909 non
1175 864 1332 910 verbis
1368 864 1452 910 sed
1486 864 1600 924 ipsis
1637 864 1860 925 operibus
1896 868 2125 926 exprimit
2158 875 2207 916 et
2239 885 2360 932 pro-

257 956 426 1021 ponit,)ยน
459 958 545 1002 sed
576 956 739 1019 legum
771 962 933 1001 tamen
963 956 1178 1001 nondum
1214 971 1433 1016 gnarum,
1462 961 1511 1000 et
1544 956 1612 1001 ita
1632 963 1687 1001 ut
1718 957 1874 1015 operis
1900 957 1974 1001 sui
2002 961 2238 1006 rationem
2267 961 2360 1007 sibi

255 1065 353 1096 non
384 1047 571 1094 reddat.
636 1045 823 1090 Latinis
869 1061 1016 1106 quum
1061 1044 1166 1088 haec
1208 1060 1309 1088 suae
1348 1043 1521 1090 formae
1567 1045 1803 1104 fingendae
1839 1046 1937 1090 sive
1969 1049 2224 1093 necessitas
2260 1051 2360 1096 sive

257 1139 441 1186 occasio
473 1135 731 1198 legumque
764 1151 863 1180 non
897 1135 1338 1195 cognoscendarum
1371 1135 1457 1180 sed
1485 1135 1875 1194 reperiendarum
1911 1143 2077 1194 erepta
2102 1146 2241 1196 esset,
2276 1154 2362 1183 ce-

250 1228 400 1274 lerius
436 1241 494 1271 eo
528 1230 881 1285 pervenerunt,
945 1229 1001 1269 ut
1034 1225 1085 1270 in
1120 1223 1271 1270 literis
1304 1225 1364 1269 de
1397 1240 1484 1269 sua
1518 1238 1664 1282 opera
1698 1225 1895 1284 eiusque
1929 1226 2137 1285 ratione,
2186 1225 2360 1287 forma,

250 1316 466 1379 legibus,
512 1313 680 1377 aliquo
713 1313 861 1359 modo
895 1314 1186 1374 cogitarent3
1251 1327 1409 1375 neque
1443 1313 1574 1358 enim
1619 1313 1788 1359 eadem
1822 1320 1894 1360 est
1926 1316 2247 1363 meditationis
2275 1317 2361 1372 vis,

255 1423 404 1470 quum
440 1405 823 1464 sensim'rebus,
864 1418 980 1465 quas
1011 1405 1102 1464 ipsi
1133 1410 1420 1454 tractamus,
1454 1403 1735 1464 cogentibus
1764 1410 1930 1451 nostra
1960 1412 2132 1466 sponte
2167 1408 2228 1454 ad
2254 1423 2363 1454 eam

252 1497 554 1556 deducimur,
621 1502 672 1541 et
717 1510 866 1556 quum
898 1508 956 1541 ea
995 1510 1095 1541 non
1137 1493 1292 1542 solum
1320 1492 1584 1554 impellitur
1620 1493 1838 1554 aliunde,
1875 1496 1984 1554 sed,
2058 1497 2228 1558 quibus
2268 1497 2362 1544 ali-

252 1595 485 1650 quatenus
526 1586 619 1632 sibi
661 1583 945 1643 satisfaciat,
1011 1591 1183 1644 parata
1224 1584 1285 1630 ab
1329 1583 1432 1629 aliis
1465 1585 1651 1644 accipit.
1750 1584 1845 1630 Sed
1878 1583 1992 1631 hine
2022 1585 2114 1633 alia
2148 1601 2363 1647 sequun-

248 1685 341 1722 tur,
453 1676 672 1717 Primum
725 1675 820 1715 iam
879 1690 977 1715 non
1033 1675 1210 1714 mirum
1265 1674 1486 1721 videtur,
1563 1675 1691 1727 quod
1750 1675 1855 1730 ipse
1918 1675 2125 1731 populus
2188 1677 2362 1733 minus,

250 1777 396 1825 quam
430 1758 717 1803 Graecorum
751 1753 933 1813 aliquot
977 1760 1167 1813 gentes,
1228 1752 1478 1798 literarum
1512 1755 1751 1813 particeps
1785 1763 1858 1800 est
1886 1757 2067 1816 factus,
2126 1762 2216 1806 etsi
2257 1757 2358 1807 eius

247 1854 319 1899 rei
350 1851 494 1896 etiam
530 1845 637 1892 aliae
665 1843 865 1890 fuerunt
894 1859 1052 1887 causae
1064 1860 1078 1902 3
1115 1844 1166 1888 in
1202 1858 1296 1903 quo
1330 1843 1599 1901 interdum,
1636 1845 1716 1903 qui
1753 1846 1991 1905 iudicant,
2022 1850 2246 1895 iniuriam
2277 1849 2358 1896 fa-

250 1942 384 1988 ciunt
402 1934 582 1998 'populi
614 1933 832 1995 ingeni03
899 1932 1144 1978 interdum
1179 1948 1277 1979 non
1309 1932 1525 1992 potuisse
1569 1932 1760 1992 placere
1801 1934 1981 1995 populo
2010 1935 2234 1985 Romano
2265 1955 2358 2000 pe-

250 2030 453 2091 regrinae
481 2025 674 2087 originis
709 2022 872 2069 literas
907 2021 1098 2081 dicunt,
1128 2023 1256 2084 quod
1290 2037 1459 2070 verum
1486 2027 1584 2082 est,
1618 2024 1659 2068 si
1687 2024 1755 2069 ita
1788 2023 2093 2087 intelligitur,
2128 2044 2226 2075 non
2247 2029 2356 2076 ideo

249 2118 435 2180 placere
462 2130 561 2161 non
594 2114 832 2177 potuisse,
866 2112 995 2171 quod
1026 2127 1193 2158 earum
1230 2118 1331 2158 tota
1368 2111 1527 2159 forma
1562 2128 1590 2157 a
1623 2114 1920 2173 proprietate
1955 2117 2122 2177 populi
2155 2133 2353 2178 prorsus

248 2205 569 2259 abhorruerit,
600 2204 687 2249 sed
713 2202 840 2263 quod
856 2217 1000 2247 nemo
1023 2204 1281 2264 quidquam
1312 2202 1455 2262 plane
1480 2204 1607 2249 intra
1631 2218 1683 2248 se
1709 2205 1912 2263 recipiat
1945 2221 2002 2251 ac
2030 2222 2130 2253 suae
2169 2216 2356 2254 naturae

251 2299 490 2358 adiungat,
514 2294 642 2356 quod
660 2299 764 2338 tum
788 2292 832 2337 ei
854 2291 1006 2351 detur,
1028 2308 1175 2353 quum
1202 2293 1418 2338 nondum
1441 2299 1738 2354 praeparatus
1762 2295 1837 2353 sit,
1852 2295 1941 2340 etsi
1959 2296 2086 2342 idem
2110 2296 2204 2343 alio
2226 2304 2355 2343 tem-

237 2403 366 2450 -pore
396 2391 677 2446 accepturus
704 2380 849 2428 facile
872 2389 1026 2438 esset,
1061 2399 1208 2444 quum
1241 2382 1419 2445 aliquid
1447 2384 1550 2444 ipse
1578 2383 1796 2443 afferret,
1833 2386 1911 2431 cui
1939 2386 1989 2432 id
2015 2387 2355 2435 aedhaerescere

249 2484 421 2540 posset.
490 2476 620 2521 Tum
649 2489 766 2521 vero
803 2488 867 2518 ex
888 2472 1118 2532 singulari
1147 2472 1239 2518 hac
1265 2473 1514 2518 literarum
1550 2475 1986 2535 antiquissimarum
2018 2479 2146 2537 apud
2165 2478 2355 2524 Roma-

248 2584 335 2614 nos
368 2568 554 2614 ratione
583 2563 768 2610 factum
804 2569 903 2617 est,
937 2569 994 2608 ut
1027 2562 1156 2622 apud
1191 2577 1274 2608 eos
1307 2563 1540 2608 maturius
1577 2579 1633 2608 ea
1669 2564 1938 2610 studiorum
1972 2582 2148 2627 genera
2173 2582 2349 2617 nasce-

246 2664 427 2716 rentur,
460 2670 568 2718 quae
600 2654 729 2714 apud
762 2652 960 2699 Graecos
991 2651 1156 2698 literas
1189 2651 1375 2698 adultas
1412 2658 1462 2698 et
1494 2659 1731 2700 vetustate
1766 2654 2097 2703 corroboratas
2125 2660 2351 2706 comitata

247 2752 382 2805 sunt,
415 2746 472 2790 de
503 2744 653 2791 literis
682 2757 943 2803 earumque
979 2757 1127 2804 quum
1161 2748 1334 2788 natura
1368 2744 1717 2805 generibusque
1752 2750 1801 2789 et
1832 2741 1998 2791 formis
2033 2752 2136 2795 tum
2173 2763 2351 2794 monu-

246 2836 420 2882 mentis
471 2840 520 2879 et
551 2833 750 2880 historia
786 2832 1022 2894 simulque
1078 2833 1138 2878 de
1190 2847 1412 2879 sermone
1468 2834 1724 2896 disputatio
1787 2840 1838 2880 et
1893 2837 2079 2886 erudita
2132 2836 2347 2899 quaestio,

246 2940 445 2989 quaeque
479 2930 617 2972 erant
636 2932 794 2971 cetera
820 2923 950 2983 apud,
980 2929 1165 2970 veteres
1184 2924 1460 2973 criticorum
1497 2932 1545 2972 ct
1579 2926 2002 2989 grammaticorum
2033 2927 2229 2990 propria
2240 2942 2255 2989 3
2289 2927 2349 2976 ad
