2608 3602
2249 250 2315 304 21

451 381 848 429 Demonstratum
881 382 980 436 est,
1044 374 1175 428 nibil,
1192 376 1340 433 esse,
1397 385 1494 422 ¹cnr
1532 379 1734 435 propter
1777 375 1931 426 aetatis
1963 376 2093 423 illius
2129 377 2379 427 literarum

280 472 605 521 condicionem
643 468 704 513 de
746 464 868 513 Attii
914 467 1192 528 eruditionis
1232 465 1399 515 studiis
1433 464 1663 525 librisque
1705 480 1766 510 eo
1796 467 2153 524 pertinentibus
2184 469 2382 517 dubite-

276 568 381 623 tur3
430 561 683 607 obscurata
710 561 871 601 autem
904 554 1008 602 haec
1039 556 1171 614 laus,
1214 564 1321 615 quae
1356 560 1536 615 quanta
1565 553 1735 612 fuerit,
1771 570 1869 601 non
1900 563 2117 611 constat,
2171 574 2270 604 non
2304 566 2379 606 est

275 653 367 699 nisi
401 651 461 697 ab
496 651 601 710 ipso
637 646 848 704 Osanno.
927 646 1025 693 Iam
1060 660 1123 693 ne
1154 643 1274 690 illud
1309 645 1497 705 quidem
1534 645 1711 690 mirum
1745 652 1840 703 est,
1900 647 2223 701 didascalicon
2257 651 2382 695 scri-

276 748 466 803 ptorem
499 741 626 785 inter
660 750 742 780 eos
775 737 1045 795 memorari,
1080 744 1285 796 quorum
1318 733 1379 778 de
1410 735 1534 780 veris
1572 740 1622 778 et
1653 733 1912 779 subdititiis
1938 736 2166 784 Plautinis
2203 737 2377 785 fabulis

275 836 521 878 exstarent
549 827 723 873 iudicia
735 843 750 887 3
782 842 884 886 nec,
904 827 985 888 qui
1004 825 1134 886 apud
1145 822 1355 869 Gellium
1381 825 1427 870 ei
1447 825 1783 885 adiunguntur,
1806 823 2012 871 multum
2040 828 2099 872 ab
2125 830 2226 873 eius
2247 836 2376 875 tem-

273 929 395 982 pore
419 918 595 969 afuisse
614 917 847 964 videntur.
865 923 880 943 1
895 912 941 976 2)
1010 913 1168 976 Atque
1191 914 1253 960 ad
1273 928 1442 961 eorum
1466 921 1667 965 aetatem,
1679 916 1876 974 propius
1899 917 2097 961 accedet
2118 915 2238 962 illud
2257 914 2376 963 Attii

277 1024 422 1070 opuS,
454 1010 517 1067 si,
554 1014 607 1073 ut
637 1006 756 1058 mihi
779 1007 972 1067 quidem
1003 1003 1253 1065 probabile
1272 1014 1375 1049 esse
1404 1005 1616 1064 videtur,
1654 1019 1682 1050 a
1700 1006 1887 1050 seniore
1919 1012 2029 1064 post
2043 1005 2230 1052 fabulas
2252 1008 2375 1053 scri-

273 1106 412 1160 ptum
434 1098 697 1142 statuimus.
738 1120 742 1144 ·.
765 1095 846 1140 De*
872 1111 969 1156 quo
991 1106 1138 1155 opere
1172 1102 1350 1154 praeter
1380 1110 1459 1153 ea,
1493 1111 1600 1156 quae
1639 1096 1857 1155 exposita-
1885 1102 2022 1153 sunt,
2056 1096 2177 1142 nihil
2206 1097 2375 1155 habeo,

275 1188 402 1250 quod
428 1188 595 1232 dicam.
665 1183 789 1231 Illud
810 1201 872 1232 ex
894 1186 979 1245 iis,
1012 1201 1120 1247 quae
1141 1183 1327 1230 Gellius
1347 1183 1423 1243 III,
1451 1194 1510 1238 11
1536 1187 1674 1245 citat,
1708 1191 1935 1245 apparet,
1972 1182 2158 1245 frigidis
2180 1187 2373 1246 argutiis

272 1278 715 1339 grammaticorum,
750 1290 864 1336 quas
886 1276 989 1336 quis
1008 1292 1037 1321 a
1060 1282 1202 1335 poeta
1224 1276 1283 1321 de
1311 1281 1471 1335 poetae
1499 1291 1647 1335 opere
1680 1275 1920 1322 scribente
1953 1277 2033 1321 vix
2062 1282 2373 1335 exspectaret,

270 1383 371 1418 non
401 1368 631 1426 caruisse3
666 1380 727 1411 ex
759 1365 930 1426 quibus
954 1371 1117 1412 tamen
1139 1366 1296 1410 minus
1321 1365 1380 1409 de
1397 1366 1507 1424 *ipso
1531 1363 1651 1410 Attii
1680 1366 1874 1424 ingenio
1912 1366 2100 1423 poetico
2128 1367 2374 1410 coniectu-

270 1471 376 1501 ram
409 1454 668 1510 faciemuS,
716 1455 762 1499 si·
792 1455 1181 1513 meminerimus,
1220 1455 1271 1499 in
1303 1454 1489 1499 erudita
1517 1453 1597 1499 illa
1630 1455 1895 1515 quaestione
1927 1469 2037 1500 eum
2074 1456 2176 1499 sine
2214 1454 2372 1512 dubio,

273 1561 361 1591 suo
392 1559 535 1589 sensu
565 1542 784 1601 excluso,
845 1544 907 1588 ad
940 1543 1129 1589 illorum
1159 1543 1494 1588 Graeculorum
1537 1546 1775 1589 rationem
1812 1559 1863 1587 se
1897 1546 2244 1603 composuisse,
2290 1547 2372 1605 qui

271 1636 483 1681 carmina
514 1639 702 1680 vetusta
735 1640 961 1694 tanquam
996 1632 1228 1678 formulas
1247 1633 1429 1678 rabutae
1454 1632 1651 1678 alicuius
1686 1635 1830 1679 auxio
1859 1633 2058 1678 artificio
2087 1635 2371 1693 compositas

269 1731 475 1770 tractare
503 1722 725 1772 solerent.
746 1731 760 1749 ¹
779 1722 820 1782 ³)
902 1723 1022 1765 Post
1052 1721 1238 1764 Attium
1273 1722 1473 1776 similia,
1524 1723 1610 1764 sed
1645 1722 1739 1766 alio
1772 1724 1917 1765 modo
1960 1730 2031 1777 et,
2087 1730 2142 1767 ut
2173 1725 2373 1778 videtur,

268 1818 456 1857 tantum
489 1811 686 1865 Latina,
726 1808 887 1853 Varro
919 1808 1140 1865 exposuit
1170 1806 1304 1850 libris
1334 1806 1393 1850 de
1421 1808 1602 1865 poetis,
1632 1808 1692 1851 de
1727 1809 1928 1852 scenicis
1965 1809 2252 1868 originibus,
2309 1810 2368 1855 de

270 1899 535 1948 actionibus
568 1897 793 1954 scenicis,
822 1897 1140 1956 quaestionum
1165 1895 1509 1943 plautinarum.

444 1986 778 2046 Pragmaticon
809 1984 921 2029 libri
953 1982 1094 2042 Attii,
1129 1991 1184 2029 ut
1217 1985 1400 2041 omnia,
1433 1999 1538 2044 quae
1564 1985 1616 2029 in
1650 1983 1744 2029 hoc
1778 2000 1956 2045 genere
1988 1987 2201 2046 scripsit,
2233 2003 2369 2033 com-

270 2076 587 2138 prehendam,
639 2073 800 2135 quales
831 2072 1038 2127 fuerint,
1074 2073 1298 2118 constitui
1326 2074 1516 2133 nequit,
1549 2074 1641 2119 nisi
1672 2075 1827 2135 quod,
1861 2082 1916 2121 ut
1958 2077 2055 2121 iam
2082 2092 2228 2137 supra
2257 2079 2370 2137 dixi,

271 2173 466 2212 eatenus
496 2163 875 2210 simulitudinem
910 2161 1116 2224 aliquam
1161 2164 1430 2223 argumenti
1474 2179 1585 2209 cum
1629 2164 1925 2211 didascalicis
1970 2166 2192 2213 habuisse
2225 2172 2369 2228 patet,

342 2388 400 2428 12)
446 2385 504 2418 De
528 2384 630 2417 AElio
655 2381 801 2417 Stilone
826 2381 967 2417 dictum
996 2392 1114 2426 supra.
1130 2388 1167 2416 et
1190 2383 1361 2427 proxime
1391 2381 1437 2416 de
1460 2380 1656 2427 Sedigito;
1697 2382 1896 2426 Claudius,
1927 2383 2120 2427 Aurelius,
2144 2383 2323 2419 Manilius
2346 2397 2367 2418 a

443 2444 616 2478 Varrone
640 2446 805 2478 citantur
828 2450 1003 2489 tauquam
1032 2445 1199 2488 priores3
1239 2441 1418 2477 Claudius
1441 2447 1568 2478 nescio
1594 2457 1643 2479 au
1667 2448 1717 2480 sit
1741 2444 1895 2480 Servius
1919 2445 2071 2480 Clodius
2086 2474 2096 2490 ,
2134 2446 2225 2479 AElii
2251 2456 2366 2489 gener

445 2505 539 2548 (vid.
563 2504 720 2539 Sueton.
745 2504 791 2538 de
817 2505 935 2538 illust.
961 2496 1114 2548 gramm.
1140 2509 1175 2542 2.
1200 2505 1261 2545 3);
1286 2503 1469 2538 Aurelius
1496 2512 1552 2539 est
1576 2502 1755 2550 Opilius,
1798 2517 1913 2550 quem
1948 2518 2062 2551 supra
2090 2509 2217 2549 attigi,
2256 2508 2323 2550 qui
2345 2518 2365 2539 a

443 2564 671 2610 Symmacho
696 2564 793 2610 Epp.
820 2570 853 2607 1,
881 2567 927 2604 14
954 2563 1091 2599 Rutilii
1114 2567 1291 2609 magister
1315 2562 1465 2602 dicitur.

341 2682 400 2726 13)
446 2680 662 2727 Antequam
690 2693 710 2717 a
734 2680 968 2716 didascalicis
993 2680 1157 2724 discedo,
1180 2679 1390 2716 addendum
1414 2681 1564 2726 aliquid
1592 2681 1639 2717 de
1666 2694 1762 2717 anno
1788 2683 1857 2717 illo
1884 2683 2049 2728 videtur,
2070 2686 2110 2717 in
2136 2695 2212 2728 quo
2238 2683 2366 2720 Attius

443 2746 594 2777 erravit.
652 2741 825 2777 Osaunus
861 2744 984 2780 enim,
1034 2748 1231 2786 postquam
1254 2741 1506 2786 disputatione
1541 2755 1617 2777 uon
1653 2747 1863 2778 necessaria
1887 2742 1986 2778 Attii
2019 2748 2219 2785 rationem,
2254 2758 2367 2790 quam

443 2813 557 2848 supra
587 2803 734 2837 ostendi
771 2809 913 2837 tautum
948 2803 1189 2847 negligentiae
1226 2800 1376 2844 deberi,
1415 2801 1575 2845 refellit,
1616 2803 1718 2848 quod
1754 2806 1805 2838 ita
1846 2803 1986 2839 sactum
2017 2813 2094 2839 erat
2128 2818 2149 2840 a
2174 2805 2365 2848 Cicerone,

444 2865 643 2899 accedente
671 2864 848 2898 Varronis
877 2867 1099 2897 auctoritate
1123 2871 1160 2898 et
1184 2867 1352 2898 omnium
1375 2871 1584 2898 ceterarum
1609 2876 1736 2899 rerum
1762 2866 1917 2907 ordine,
1950 2874 1990 2900 ut
2026 2872 2134 2902 novis
2167 2878 2366 2912 argumen-

442 2929 491 2961 tis
514 2936 609 2970 opus
634 2936 711 2959 non
734 2932 853 2968 esset,
892 2925 1023 2958 saltem
1050 2936 1127 2958 non
1152 2928 1221 2966 iis,
1260 2936 1341 2969 quae
1364 2936 1414 2959 ex
1437 2927 1557 2969 ipsius
1585 2924 1777 2960 Ciceronis
1804 2931 2027 2961 testimoniis
2062 2932 2102 2962 in
2130 2928 2266 2962 Catone
2292 2928 2364 2962 du-

443 2993 636 3031 ceremur,
680 2985 726 3021 ad
746 2993 957 3020 extremum
982 2995 1147 3030 quaerere
1167 2988 1354 3029 mstituit,
1375 2985 1529 3033 fabula,
1578 2996 1692 3032 quam
1728 2994 1848 3022 actam
1880 2987 2037 3024 Claudio
2072 2998 2109 3024 et
2140 2989 2363 3035 Sempronio
