2608 3602
2184 211 2249 260 1⁷

216 344 365 389 ‘ditant‘
397 340 498 390 illis
524 339 682 391 ¹uerbis
698 336 908 403 'putat-e,
941 332 1084 402 quam
1104 332 1269 387 ‘tribus
1303 340 1440 386 annis
1486 347 1598 387 ante
1630 339 1795 389 Livius
1828 346 1967 387 notat
2004 339 2057 388 P.
2090 339 2312 391 Africano

215 434 282 494 11,
324 435 382 480 T.
413 435 698 494 Sempronio
729 432 897 490 Longo
929 447 1048 477 coss.
1083 448 1110 477 a
1145 434 1243 484 560
1273 425 1471 488 s.*1'94,
1504 429 1764 492 Megalesia
1798 430 1936 477 ludos
1970 433 2179 478 scenicos
2210 438 2315 479 tum

215 526 425 585 primum
461 525 621 570 aediles
649 524 832 579 secisse,
860 529 915 565 ut
938 528 987 565 et
1010 521 1307 581 Megalenses
1340 519 1444 565 ludi
1478 528 1617 566 antea
1648 521 1844 580 fuerint,
1879 522 1965 567 sed
1995 519 2099 567 non'
2125 523 2317 580 scenici,

216 619 267 659 et
282 615 469 673 scenici,
505 614 589 659 sed
614 613 782 656 nonin
801 604 1084 672 Megalesiis.
1139 603 1352 656 omnino
1379 625 1441 655 ex
1461 626 1534 668 eo,
1566 612 1693 671 quod
1716 612 1782 665 id,
1817 612 1945 672 quod
1970 612 2031 656 de
2062 628 2159 656 uno
2195 627 2320 672 quo-

218 703 340 748 dam·
362 716 537 765 genere
565 700 787 746 ludorum
822 700 1244 757 essetdicendum,
1272 699 1334 742 ad
1368 697 1508 744 ludos
1537 715 1703 744 omnes
1741 700 2022 746 translatum
2057 701 2118 746 ab
2156 700 2319 761 aliquo

211 769 372 846 esset,
436 788 632 853 ipsaque
665 790 888 835 ludorum
924 790 1122 834 nomina
1168 787 1474 851 (Megalesia,
1527 789 1756 853 Romani)
1824 797 1874 835 et
1904 805 2081 848 genera
2119 791 2318 851 (scenici

218 880 332 946 ¹8tc.)
359 884 485 927 inter
517 896 568 925 se
597 887 894 941 permutata,
931 882 1066 941 isque
1101 895 1235 923 error
1269 872 1558 940 negligentia
1602 882 1663 926 ad
1696 861 1860 940 plures
1889 886 2153 937 manasset,
2197 893 2317 925 con-

215 970 346 1016 fusio
381 972 596 1032 quaedam
630 973 682 1017 in
715 978 816 1015 tota
847 970 938 1015 hac
969 985 1024 1015 re
1052 969 1158 1014 talis
1194 969 1358 1014 effecta
1394 977 1491 1023 est,
1541 978 1596 1015 ut
1629 987 1847 1016 errorum
1878 970 2051 1014 seriem
2085 971 2167 1016 vix
2199 983 2318 1028 per—

212 1062 352 1120 sequi
379 1063 651 1120 =·possimus;
714 1061 776 1105 ad
809 1066 1023 1105 nostram
1060 1075 1163 1104 rem
1197 1060 1310 1104 satis
1344 1065 1440 1118 est,
1492 1061 1704 1118 potuisse
1737 1059 1858 1105 illud
1891 1065 1989 1104 tam
2020 1058 2318 1120 negligenter

210 1150 361 1196 scribi
392 1151 453 1196 ab
485 1149 643 1209 Attio,
677 1150 766 1195 etsi
798 1147 942 1194 facile
971 1164 1183 1194 errorem
1217 1148 1437 1207 vidisset,
1470 1149 1511 1194 si
1545 1148 1843 1194 attendisset.
1866 1147 1911 1211 ⁸)

388 1240 545 1302 Negat
571 1241 743 1287 deinde
768 1238 991 1285 Osannus
1025 1237 1107 1285 illo
1135 1246 1353 1299 tempore
1382 1237 1616 1284 eiusmodi
1647 1252 1766 1298 opus
1801 1237 1863 1284 ab
1899 1252 1956 1283 eo
1978 1236 2175 1283 homine
2196 1249 2318 1282 con·-

217 1328 292 1373 fici
318 1331 555 1390 potuisse3
591 1331 718 1392 quod
750 1330 790 1375 is
825 1329 929 1375 sine
959 1344 1126 1388 causa,
1156 1334 1219 1374 ut>
1247 1343 1393 1388 supra
1421 1328 1548 1385 dixi,
1593 1328 1757 1374 omnia
1785 1328 1943 1387 poesis
1973 1342 2157 1388 genera,
2180 1341 2319 1372 cotn-

211 1416 414 1477 -plexum
450 1421 641 1480 statuit3
704 1420 877 1465 deinde
906 1423 1048 1481 quod<
1065 1426 1211 1467 vastae
1242 1425 1292 1465 et
1315 1418 1429 1464 latae
1463 1419 1744 1465 eruditionis
1776 1433 1897 1478 opus
1932 1417 2163 1478 appellat,
2187 1423 2317 1463 recte

216 1505 361 1562 facit,
403 1509 467 1567 si,
505 1511 714 1569 primum
741 1508 833 1554 illis
867 1508 1039 1554 finibus
1074 1510 1342 1572 argumenti
1374 1510 1567 1570 positis,
1612 1510 1725 1571 quid
1753 1515 1837 1554 aut
1875 1523 1963 1553 nos
1992 1515 2076 1554 aut
2106 1506 2318 1553 fortasse

217 1595 569 1643 Alexandrinus
596 1597 762 1659 aliquis
785 1600 975 1644 criticus
994 1599 1272 1659 postularet,
1304 1601 1588 1659 quaerimus3
1622 1598 1944 1645 didascalicon
1971 1598 2163 1643 illorum
2195 1596 2319 1642 scri-

217 1691 513 1748 ptorquam-
532 1687 629 1730 late
659 1694 883 1746 evagatus
913 1688 990 1744 sit,
1024 1703 1168 1746 quam
1202 1701 1402 1744 operose
1434 1689 1485 1729 in
1506 1687 1692 1745 singula
1711 1687 2025 1746 inquisiverit,
2056 1687 2320 1742 nescimus;

305 1909 345 1953 8)
383 1907 461 1953 Qui
490 1908 568 1943 haec
594 1909 709 1954 paulo
733 1912 945 1945 accuratius
969 1913 1199 1954 attigerunt,
1244 1908 1373 1942 laudat
1398 1908 1535 1944 Duker
1561 1909 1608 1944 ad
1630 1908 1714 1945 Liv.
1740 1909 1767 1943 1.
1790 1910 1815 1946 1.
1845 1917 1884 1945 et
1910 1910 1957 1945 ad
1985 1908 2171 1953 XXXIV,
2195 1913 2253 1951 44,
2279 1913 2317 1950 5.

388 1968 647 2014 Negligentia,
692 1982 769 2005 non
795 1973 852 2005 rei
877 1974 1114 2015 ignoratione
1138 1972 1286 2015 lapsum
1308 1980 1388 2004 esse
1414 1969 1610 2005 Valerium
1625 1996 1635 2012 ‚
1674 1978 1831 2016 apparet
1854 1982 1904 2006 ex
1928 1983 1995 2014 eo,
2033 1971 2158 2017 quod,
2198 1979 2242 2006 ut
2267 1982 2318 2006 ex

387 2029 557 2066 Asconio
592 2031 638 2065 ad
663 2029 739 2065 Cic.
764 2029 914 2066 Cornel.
945 2043 983 2077 p.
1007 2036 1077 2070 100
1099 2030 1148 2065 Η.
1170 2033 1237 2071 961
1263 2028 1382 2064 Graev.
1408 2037 1513 2075 patet
1539 2030 1641 2074 (coll.
1670 2031 1811 2076 disput.
1845 2039 1944 2067 nost.
1978 2033 2024 2067 de
2049 2033 2182 2067 Ascon.
2213 2044 2250 2078 p.
2271 2013 2319 2072 72³

386 2095 507 2134 not.)‚
551 2091 658 2125 sedes
697 2091 874 2126 ordinum
906 2095 947 2126 in
980 2092 1127 2126 theatro
1164 2099 1326 2126 secretas
1362 2104 1383 2126 a
1410 2095 1481 2131 560
1505 2103 1534 2126 s.
1559 2096 1629 2132 194
1664 2101 1895 2127 narraverat.
1959 2093 2009 2128 Ut
2034 2101 2112 2127 tota
2139 2104 2197 2127 res
2229 2104 2321 2137 per-

388 2155 582 2199 spiciatur,
607 2164 847 2197 componam,
877 2165 959 2198 quae
983 2152 1114 2187 tradita
1141 2160 1250 2194 sunt,
1278 2155 1436 2197 verique
1462 2154 1642 2195 similem,
1677 2156 1712 2189 si
1738 2165 1817 2188 non
1846 2164 1993 2196 veram,
2026 2153 2214 2189 dissensus
2238 2156 2322 2189 ori-

317 2227 319 2230 *
386 2216 515 2260 ginem
536 2213 766 2248 monstrabo.
835 2212 884 2252 A.
906 2218 977 2254 550
999 2225 1028 2248 s.
1053 2217 1123 2253 204
1149 2212 1316 2257 Cethego
1348 2221 1386 2247 et
1420 2214 1611 2249 Tuditano
1643 2226 1737 2250 coss.
1774 2218 1941 2261 primum
1974 2215 2177 2259 Megalesia
2208 2215 2318 2257 sacta,

387 2278 508 2312 accito
532 2286 582 2310 ex
594 2271 762 2319 Phrygia
774 2273 908 2309 Matris
927 2275 1028 2309 111aeae
1054 2275 1172 2317 cultu,
1196 2277 1277 2308 siue
1301 2278 1450 2309 scenico
1473 2283 1653 2321 apparatu
1677 2275 1778 2318 (Liv.
1791 2276 1941 2319 XXIX,
1964 2281 2052 2316 14)3
2075 2275 2161 2309 fleri
2181 2283 2317 2321 potest,

390 2345 434 2374 ut
458 2338 618 2382 aliquis,
645 2336 747 2381 quod
773 2344 904 2382 postea
929 2339 1068 2371 scenici
1093 2344 1219 2378 erant,
1266 2338 1391 2370 statim
1415 2335 1533 2372 fuisse
1562 2339 1724 2382 putarit;
1767 2345 1810 2371 ut
1833 2337 1969 2371 accidit
1992 2337 2151 2371 Dacerio
2176 2336 2222 2371 ad
2245 2337 2319 2371 Fe-

387 2406 487 2436 stum
511 2410 546 2435 Υ.
576 2398 778 2433 Salutaris.
828 2393 984 2432 Osanuo
1008 2401 1137 2432 nescio
1162 2397 1254 2442 quid
1278 2397 1480 2441 acciderit,
1532 2402 1601 2444 qui
1625 2398 1859 2442 Megalenses
1884 2400 1958 2432 iam
1982 2399 2238 2445 antiquissimo
2261 2411 2320 2433 re·

385 2474 476 2508 gum
496 2467 655 2505 tempore
679 2459 870 2494 institutos
894 2465 1019 2493 narrat
1047 2462 1100 2503 (p.
1126 2460 1200 2500 58).
1267 2456 1341 2493 Sed
1364 2460 1533 2494 scenicos
1559 2461 1672 2504 primi
1699 2458 1871 2493 fecerunt
1896 2460 2021 2494 aediles
2045 2461 2198 2495 curules
2230 2463 2320 2494 anni.

386 2525 458 2562 560
481 2532 511 2557 s.
539 2524 609 2561 194
641 2521 684 2555 Ρ.
708 2519 891 2554 Africano
914 2520 973 2563 Π,
1021 2519 1082 2555 Τί.
1119 2517 1345 2564 Sempronio
1381 2518 1512 2563 Longo
1543 2531 1639 2553 coss.
1671 2518 1769 2561 (Liv.
1793 2520 1993 2565 XXXIV,
2029 2525 2093 2563 54,
2115 2523 2169 2564 3).
2235 2521 2319 2556 Hoc

385 2586 439 2617 ita
468 2593 596 2617 errore
622 2579 840 2626 acceptum,
889 2587 933 2615 ut
955 2583 1068 2625 primi
1093 2584 1248 2615 omnino
1275 2580 1357 2615 ludi
1380 2583 1522 2616 scenici
1547 2583 1587 2615 in
1612 2591 1697 2615 eum
1721 2591 1861 2616 annum
1886 2581 2175 2619 conficerentur.
2241 2579 2319 2618 Sed

386 2643 520 2678 eodem
553 2654 652 2677 anno
680 2641 777 2676 sacta
801 2649 883 2676 erat
905 2640 1067 2675 celebris
1093 2641 1240 2675 sedium
1264 2647 1479 2675 senatorum
1506 2648 1544 2675 et
1567 2640 1687 2686 plebis
1712 2643 1753 2675 in
1786 2641 1937 2676 theatro
1972 2642 2162 2676 discretio.
2217 2642 2272 2677 Ea
2295 2654 2319 2677 a

386 2704 543 2738 Valerio
568 2702 720 2738 Antiate
754 2701 852 2747 (vid.
870 2701 1012 2736 Ascon.
1038 2702 1064 2735 1.
1088 2712 1211 2746 nuper
1232 2703 1281 2744 c.)
1316 2709 1354 2735 et
1386 2700 1498 2736 Livio
1533 2700 1749 2746 (XXXIV,
1772 2706 1839 2744 44,
1862 2706 1886 2743 5
1920 2710 1958 2737 et
1986 2707 2044 2744 54,
2068 2706 2106 2745 4)
2140 2711 2242 2738 recte
2275 2705 2318 2738 in.

384 2764 486 2799 ludis
521 2763 698 2799 Romanis
727 2762 824 2797 sacta
848 2763 945 2797 tradi
971 2762 1146 2804 videtur,
1194 2762 1257 2796 sed
1280 2769 1438 2807 propter
1474 2760 1731 2796 celebritatem
1767 2761 2044 2808 Megalensium
2079 2763 2196 2799 huius
2228 2766 2318 2798 anni

387 2825 434 2861 ad
458 2836 523 2859 eos
546 2825 723 2859 translata
746 2835 806 2859 res
829 2832 885 2859 est
907 2822 1065 2859 fortasse
1090 2822 1137 2858 ab
1159 2823 1263 2866 aliis,
1314 2830 1415 2858 certe
1440 2835 1460 2857 a
1485 2822 1667 2857 Cicerone
1691 2826 1732 2858 in
1759 2832 1854 2859 orat.
1881 2824 1927 2859 de
1950 2824 2102 2870 hai-usp.
2127 2836 2223 2870 resp.
2257 2826 2317 2868 (in

388 2897 454 2934 ea,
476 2896 558 2932 quae
581 2896 684 2921 nunc
708 2891 850 2929 exstat,
874 2896 907 2920 c.
931 2886 994 2929 12)
1017 2885 1056 2920 et
1077 2884 1163 2921 Val.
1190 2884 1294 2920 Max.
1316 2884 1376 2931 11,
1397 2887 1444 2930 4,
1469 2888 1515 2926 33
1539 2883 1697 2919 fuerunt
1720 2888 1854 2929 etiam,
1891 2894 1936 2921 ut
1959 2888 2012 2931 is,
2046 2889 2155 2920 cuius
2175 2896 2316 2921 nomen

2024 3008 2051 3051 3
