2608 3602
362 177 432 226 20

300 309 427 371 bile;
473 310 617 371 idque
656 307 807 369 magis
838 306 983 353 etiam
1013 303 1285 365 apparebit,
1335 306 1377 352 si
1410 304 1668 361 addidero,
1718 306 1845 353 circa
1878 305 1999 353 illud
2026 308 2185 368 ipsum,
2218 316 2414 372 tempus

297 398 515 446 similiter
547 399 608 444 de
639 398 799 458 poesis
828 395 1048 451 historia,
1095 395 1182 439 sed
1212 395 1452 454 versibus,
1504 394 1651 441 alium
1698 404 1893 457 poetam
1933 398 2202 457 scripsisse,
2250 401 2410 447 minus

298 502 428 534 nunc
459 495 645 535 notum.
717 487 761 532 Is
793 485 991 530 Porcius
1024 490 1099 528 est
1132 483 1361 543 Licinius,
1397 486 1529 530 cuius
1562 486 1802 533 deinitiis
1835 487 1991 547 poesis
2026 485 2262 532 Romanae
2297 503 2413 539 ver--¹

296 593 379 625 sus
406 579 528 624 duos
564 577 830 623 trochaicos
864 580 1170 619 tetrametros
1202 573 1503 622 catalecticos
1541 574 1725 621 Gellius
1761 576 1877 622 citat
1911 575 1992 624 lib.
2028 574 2182 631 XVII,
2216 584 2295 634 21,
2332 578 2414 639 qui

300 683 360 713 ex
385 668 556 714 eodem
592 682 738 727 opere
771 666 951 724 sumpti
979 679 1084 711 esse
1117 663 1368 724 videntur,
1437 681 1498 712 ex
1543 682 1636 727 quo
1671 680 1838 712 versus
1886 667 2153 727 complures
2197 667 2411 714 eiusdem

297 758 488 818 generis
520 758 581 803 de
612 757 668 802 P.
705 755 934 801 Terentio
969 759 1116 814 poeta
1148 751 1417 801 afferuntur
1447 758 1499 803 in
1533 756 1747 804 Suetonii
1775 756 1871 803 vita
1906 755 2135 806 Terentii.
2202 756 2246 803 Is
2276 756 2412 803 Lici—

299 848 437 906 nius,
469 863 610 908 quem
645 845 880 903 Baehrius,
909 844 1050 903 alios,
1082 852 1136 889 ut
1172 843 1320 902 solet,
1353 846 1545 891 incaute
1579 852 1767 891 'secutus
1800 844 1865 908 (p.
1902 845 2037 907 241),
2072 848 2275 892 eundem
2305 845 2411 892 for-

299 943 425 982 tasse
460 951 564 981 esse
598 941 737 995 putat
766 949 821 979 ac
850 934 1076 979 Porcium
1099 932 1349 989 Licinum,
1376 949 1507 981 cons.
1543 952 1585 981 a.
1623 941 1721 989 570
1752 950 1789 981 S.
1825 939 1922 988 184
1955 934 2070 996 (quo
2104 952 2230 981 anno
2262 936 2415 981 Plau-

298 1033 375 1072 tus
412 1031 631 1071 mortuus
667 1023 775 1087 est),
810 1040 837 1068 a
870 1023 1043 1082 Gellio,
1080 1025 1158 1084 qui
1191 1025 1294 1070 eius
1330 1026 1625 1084 epigramma
1652 1024 1734 1072 lib.
1759 1024 1892 1083 XIX,
1914 1032 1945 1083 9
1977 1023 2129 1082 affert,
2158 1024 2222 1083 Q.
2257 1025 2414 1071 Luta-

297 1117 367 1161 tio
402 1114 574 1160 Catulo
608 1114 724 1177 (cos.
759 1115 855 1165 652
892 1128 927 1158 s.
965 1110 1078 1174 102)
1127 1115 1439 1173 praeponitur.
1533 1114 1789 1175 Scripsisse
1832 1113 1913 1160 illa
1963 1114 2023 1159 de
2058 1113 2288 1160 Terentio
2322 1114 2413 1160 ali-

300 1213 480 1267 quanto
509 1212 621 1264 post
655 1206 754 1249 eius
790 1209 1024 1261 mortem,
1055 1209 1188 1262 patet
1215 1219 1277 1248 ex
1312 1219 1368 1248 eo
1403 1206 1562 1264 modo,
1598 1220 1692 1265 quo
1723 1202 2028 1263 Africanum,
2062 1203 2281 1263 Laelium,
2312 1204 2415 1250 Fu-

300 1296 426 1340 rium
470 1300 706 1339 memorat
755 1291 907 1350 (Tres
932 1307 1029 1353 per
1061 1292 1117 1337 id
1149 1301 1346 1354 tempus
1391 1294 1476 1355 qui
1502 1292 1762 1355 agitabant
1797 1292 1985 1338 nobiles
2003 1291 2314 1354 facillume).
2334 1292 2412 1355 10)

297 1383 437 1429 Libri
478 1400 655 1429 nomen
691 1385 964 1442 ignoratur3
1027 1399 1139 1427 nam
1172 1383 1587 1443 quodXVeichert
1619 1383 1680 1427 de
1705 1382 1871 1443 poetis
1906 1382 2197 1442 appellatum
2231 1382 2412 1437 scribit,

298 1479 471 1518 testem
505 1489 604 1519 non
637 1473 815 1533 habet3
862 1473 1050 1517 videtur
1084 1473 1144 1517 de
1181 1472 1349 1518 similis
1391 1474 1661 1533 argumenti
1692 1468 1817 1517 libro
1852 1471 2062 1517 Vulcatii
2094 1472 2291 1532 Sedigiti
2325 1487 2411 1517 co·-

297 1562 495 1623 gitasse,
541 1563 776 1619 hominiS,
827 1569 882 1606 ut
917 1561 1102 1607 Plinius
1140 1560 1349 1620 appellat
1381 1563 1526 1626 (Hist.
1559 1563 1668 1609 Nat.
1701 1561 1786 1623 XI,
1820 1559 1931 1626 99),
1986 1561 2182 1609 illustris
2214 1563 2263 1607 in
2291 1576 2412 1621 poe-—

298 1652 395 1696 tica
406 1668 422 1711 3
454 1653 494 1697 is
533 1654 661 1697 enini
693 1653 762 1696 ita
794 1651 1157 1697 inscribebatur.
1179 1647 1255 1706 ¹¹)

476 1927 563 1961 ratii
587 1924 748 1958 consilio
772 1923 962 1965 alienum,
1010 1933 1123 1967 quam
1147 1922 1374 1956 stultissimae
1403 1922 1518 1957 huius
1537 1926 1757 1968 arrogantiae
1781 1924 2017 1964 criminati03
2067 1926 2191 1958 utitur
2217 1926 2315 1960 enim
2341 1925 2412 1962 hac

477 1989 645 2025 ratione,
680 1991 721 2018 ut
742 1983 954 2018 libertatem
981 1984 1085 2017 illam
1111 1983 1170 2016 vel
1195 1986 1236 2016 in
1261 1987 1404 2027 optimo
1434 1992 1603 2027 poemate
1627 1991 1753 2029 partes
1789 1984 1967 2028 quasdam
2004 1984 2303 2028 reprehendendi
2338 1991 2411 2023 iam

475 2048 600 2091 ipsum
613 2043 802 2078 Lucilium
828 2051 999 2078 secutum
1026 2043 1196 2077 ostendat
1224 2046 1393 2088 eiusque,
1423 2055 1534 2088 quein
1555 2048 1636 2090 ipse
1660 2045 1975 2089 reprehendisset,
2001 2047 2176 2090 exemplo
2193 2058 2230 2081 se
2248 2055 2411 2086 tucatur.

473 2108 607 2153 Itaque
634 2109 846 2143 necessario
875 2105 949 2138 hoc
976 2104 1086 2138 dicit:
1134 2115 1204 2138 nec
1230 2111 1354 2138 tamen
1379 2104 1547 2139 Lucilius
1572 2110 1623 2140 ita
1649 2107 1843 2150 loquitur,
1868 2109 1973 2149 quasi
1992 2106 2075 2140 illis
2093 2111 2212 2141 maior
2239 2112 2313 2149 sit;
2342 2120 2412 2145 nec

476 2178 549 2213 ego
573 2174 649 2201 tam
674 2178 757 2200 suni
783 2176 973 2209 arroganS,
1021 2172 1075 2209 ut,
1128 2164 1232 2209 quod
1258 2167 1400 2199 inculta
1425 2174 1461 2200 ct
1487 2168 1762 2211 negligentiora
1787 2166 1952 2211 quaedani
1978 2169 2017 2200 in
2043 2165 2180 2201 Lucilii
2207 2171 2327 2203 satiris
2355 2169 2411 2205 di—

470 2241 539 2271 co,
578 2238 638 2262 me
666 2228 725 2261 illi
751 2227 955 2272 praeferam.
1010 2226 1087 2261 Nec
1114 2227 1224 2261 aliter
1250 2226 1365 2261 verba
1390 2229 1556 2271 intelligi
1585 2231 1824 2272 grammatica
1839 2231 1933 2262 ratio
1956 2231 2070 2266 sinit3
2095 2235 2137 2262 ut
2153 2232 2251 2263 enini
2269 2231 2413 2277 demus,

473 2295 513 2325 in
537 2290 629 2324 duas
654 2291 858 2322 sententias
884 2298 1035 2321 versum
1060 2287 1215 2321 distrahi
1240 2295 1278 2321 et
1302 2289 1470 2332 suppleri
1498 2299 1605 2332 posse
1632 2289 1817 2334 loquitur,
1868 2295 1969 2322 certe
2005 2291 2126 2322 omitti
2160 2299 2236 2324 non
2263 2299 2412 2336 poterat

472 2353 689 2396 praepositio
715 2358 801 2384 ante
835 2359 967 2400 vocent
997 2349 1146 2383 maiore.
1194 2347 1343 2382 Verum
1368 2349 1546 2383 viderunt
1574 2356 1610 2382 et
1635 2350 1727 2383 olim
1756 2349 1822 2383 alii
1847 2356 1883 2384 et
1902 2349 2136 2384 XVielandus.

376 2458 428 2496 ιο)
476 2449 674 2484 Ἢέἰοῐιεη
698 2449 762 2492 (de
786 2448 935 2483 Licinio
962 2447 1076 2482 Calvo
1101 2459 1137 2491 p.
1158 2447 1243 2490 138)
1272 2450 1462 2487 iuniorem
1487 2448 1660 2482 Terentii
1681 2448 1859 2491 aequalem
1885 2446 2001 2481 fuisse
2026 2452 2250 2492 suspicatur.
2323 2451 2410 2487 Non

476 2518 532 2545 est
555 2510 672 2543 huius
696 2510 771 2542 loci
798 2520 989 2553 quaerere,
1037 2511 1132 2541 sitne
1160 2507 1222 2541 hic
1251 2508 1520 2551 intelligendus
1547 2507 1645 2552 apud
1672 2506 1749 2541 Cic.
1774 2507 1819 2543 de
1846 2508 1927 2542 Fin.
1954 2513 1986 2550 1,
2004 2510 2040 2550 3,
2088 2510 2188 2554 quod
2216 2509 2409 2556 probabile

477 2582 566 2606 saue
592 2577 666 2610 est3
725 2580 745 2603 e
770 2569 886 2603 Plinii
921 2569 1021 2603 libro
1047 2561 1185 2602 citatur
1220 2579 1241 2601 a
1266 2567 1437 2602 Chai-isio
1466 2569 1494 2603 Ι.
1520 2581 1555 2612 p.
1581 2571 1672 2612 103,
1716 2568 1891 2614 idemque
1925 2570 2075 2605 videtur
2097 2581 2177 2605 esse
2205 2572 2362 2609 Porcius
2388 2584 2410 2609 a

474 2631 649 2666 Varrone
678 2633 819 2665 citatus·
835 2630 880 2665 de
906 2629 948 2664 L.
978 2628 1020 2663 L.
1048 2628 1115 2666 VI.
1140 2641 1178 2674 p.
1204 2633 1275 2670 100
1298 2627 1343 2662 B.
1390 2628 1494 2673 (VH.
1520 2641 1555 2675 p.
1576 2632 1647 2669 380
1666 2626 1752 2675 Sp.)

381 2736 431 2775 ιι)
478 2730 628 2766 Profert
654 2733 801 2776 aliquot
829 2731 999 2765 Vulcatii
1026 2741 1158 2765 versus
1185 2728 1331 2764 Gellius
1356 2728 1453 2770 XV,
1480 2734 1547 2771 24,
1575 2731 1668 2763 alios
1694 2728 1899 2765 Suetonius
1923 2733 1964 2765 in
1988 2734 2065 2767 vita
2091 2732 2277 2769 Terentii.
2333 2733 2408 2770 Sed

478 2792 627 2836 quando
661 2795 823 2834 vixerit,
873 2795 1059 2827 incertum
1096 2800 1174 2833 est3
1222 2801 1449 2836 quamquain
1485 2802 1531 2824 ne
1568 2803 1653 2826 euin
1678 2791 1831 2836 quidem
1857 2792 1971 2837 longe
2004 2793 2050 2827 ab
2085 2795 2153 2830 hac
2181 2795 2278 2831 Attii
2303 2802 2406 2829 aetate

478 2860 664 2887 remotum
690 2855 808 2887 fuisse
833 2857 1013 2898 patariam
1040 2852 1249 2888 Suetonius
1276 2852 1418 2888 iudicia
1444 2851 1488 2887 de
1515 2852 1694 2889 Terentio
1713 2852 1786 2888 hoc
1812 2853 1944 2889 ordine
1968 2858 2087 2902 ponit,
2113 2855 2278 2898 Afranii,
2301 2854 2406 2890 vul-

478 2917 586 2959 catii,
608 2912 809 2959 Ciceronis,
837 2912 877 2948 C.
904 2913 1068 2949 Caesaris.
