2608 3602
2220 201 2253 251 7

204 342 398 402 iecisse,
433 348 722 403 qumquam
752 331 876 381 falso
909 346 972 379 ex
1000 322 1085 393 eo}
1118 331 1247 395 qnod
1284 331 1346 379 de
1380 329 1601 379 Homero
1633 336 1688 378 et
1718 328 1936 379 Hesiodo
1968 330 2151 396 aliquid
2182 334 2319 383 initio

207 433 365 495 operis
396 427 622 478 disseruit
667 430 718 471 et
747 422 877 485 quod
910 421 1084 469 alicubi
1120 423 1308 470 diversa
1337 435 1442 468 esse
1465 428 1745 481 poematum
1778 436 1957 483 genera
1987 423 2126 480 dixit,
2156 425 2323 470 omnia

205 522 365 586 poesis
396 532 579 584 genera
613 526 873 576 omnesque
904 518 1069 560 aetates
1103 527 1215 559 enm
1251 510 1558 573 complexum
1588 511 1904 561 concluditur.
1982 511 2163 558 Iudicia
2196 528 2322 575 quo-

206 626 302 676 que
322 609 539 671 deipsis
574 604 729 668 poetis
758 603 1085 665 poematisque
1117 602 1489 662 interposuisse,
1543 612 1605 644 ex
1643 599 1923 660 fragmentis
1955 608 2106 664 patet.
2167 603 2323 649 Prosa

206 693 426 750 oratione
460 698 664 756 scriptos
699 693 846 741 fuisse
878 692 1052 751 libros,
1084 699 1141 736 ut
1170 690 1421 736 Mercerus
1448 695 1585 736 recte
1613 690 1908 749 iudicaverit,
1937 691 2120 738 frustra
2151 691 2321 748 fuisse,

206 791 293 855 qui
323 788 596 851 fragmenta
625 786 677 832 in
708 798 871 832 versus
905 783 1126 845 digerere
1158 780 1479 840 studuissent,
1530 795 1680 841 quum
1712 781 1816 841 ipsa
1846 783 2122 843 argumenti
2148 796 2320 829 exem-

204 879 494 943 plorumque
524 891 790 940 graecorum
820 874 945 920 ratio
976 877 1082 918 tum
1117 887 1175 918 ea
1220 872 1473 931 evincunt,
1520 885 1627 931 quae
1660 872 1788 931 apud
1832 878 2018 919 veteres
2062 873 2321 933 scriptores

205 969 322 1017 inde
353 969 573 1026 citantur,
607 965 904 1027 apertissime
935 961 1081 1008 Genii
1109 961 1205 1007 loci
1238 967 1288 1007 et
1313 960 1489 1021 fragm.
1519 959 1632 1005 libri
1666 962 1783 1006 noni
1815 958 1963 1022 (ultra
1984 978 2125 1023 quem
2160 961 2321 1007 nullus

207 1055 402 1120 citatur)
445 1057 573 1117 apud
604 1055 834 1101 Nonium.
921 1051 1042 1111 Sed,
1106 1057 1163 1098 ut
1190 1057 1303 1096 ante
1330 1051 1384 1096 in
1412 1065 1566 1095 unum
1597 1049 1800 1095 collecta
1828 1051 1948 1109 sint,
2001 1067 2108 1112 quae
2140 1052 2205 1096 ad
2235 1065 2320 1097 eos

204 1148 355 1196 libros
397 1147 753 1208 cognoscendos
796 1146 1063 1206 pertinent,
1113 1157 1256 1204 quam
1299 1141 1361 1188 ad
1404 1140 1752 1186 dubitationem
1785 1141 1846 1186 de
1878 1140 1938 1186 iis
1963 1148 2146 1187 motam
2179 1156 2321 1187 acce-

205 1239 395 1293 damus,
431 1236 729 1283 afferendum
760 1251 865 1281 esse
888 1236 1097 1288 videtur,
1131 1231 1357 1294 quicquid
1388 1246 1451 1278 ex
1484 1232 1544 1277 iis
1577 1229 1714 1277 libris
1747 1238 1967 1292 superest
1994 1231 2320 1292 reliquiarum.

204 1327 362 1374 Locos
399 1327 689 1386 scriptorum
734 1326 833 1371 iam
867 1322 948 1370 alii
976 1324 1276 1381 indicarunt,
1342 1319 1755 1367 emendandorum
1795 1319 2181 1383 fragmentorum
2211 1322 2321 1366 exi·

210 1415 334 1463 lium
365 1431 515 1477 parva
550 1417 624 1459 essst
650 1415 802 1474 copia.
1380 1459 1387 1466 ,

380 1504 460 1550 Ex
489 1503 615 1550 libro
647 1504 804 1563 primo
838 1502 958 1547 duos
987 1501 1121 1548 locos
1154 1501 1337 1548 Nonius
1369 1483 1508 1562 citat,
1540 1501 1746 1549 alterum
1781 1518 1889 1563 pag.
1921 1506 2018 1556 341
2053 1499 2204 1548 Merc.
2239 1497 2321 1563 (de

205 1608 305 1644 var.
327 1592 488 1655 signif.
503 1607 645 1641 serm.
667 1607 714 1640 ‘v-
740 1592 1005 1655 mactare):
1039 1591 1221 1639 Accius
1242 1592 1578 1637 didascalicon
1601 1591 1748 1654 (vulg.
1775 1590 2098 1653 didascalico)
2119 1591 2244 1637 libro
2265 1591 2301 1637 I
2307 1607 2324 1636 .·

203 1680 573 1744 Sapieutioeque
611 1680 822 1724 ‚invictae
864 1681 1040 1738 gratia
1080 1688 1238 1737 atque
1290 1681 1493 1723 honoris
1529 1689 1719 1737 patera
1768 1684 2033 1724 Nestorem
2083 1679 2326 1725 mactavit

202 1782 362 1817 aurea
390 1765 515 1829 (qui,
584 1772 640 1810 ut
672 1765 918 1810 Mercerus
954 1761 1218 1820 intellexit,
1275 1763 1337 1808 ad
1386 1762 1523 1808 Iliad.
1553 1763 1730 1810 XXIII.
1763 1778 1811 1811 v.
1843 1767 1942 1817 615
1975 1780 2075 1826 sqq.
2106 1773 2321 1825 spectare

202 1853 447 1916 uidetur);
527 1853 735 1900 alterum
776 1868 825 1912 p.
860 1855 961 1905 514
990 1849 1070 1912 (de
1102 1852 1296 1897 indiscr.
1330 1852 1523 1898 adverb.
1555 1867 1598 1900 v.
1628 1851 1908 1918 inimiciter)
1953 1854 2134 1901 Accius
2170 1855 2322 1902 dida-

202 1943 500 1994 scalicorum
547 1941 673 1988 libro
729 1941 785 1987 I.-
851 1938 1069 1988 Placare
1122 1937 1313 1986 hostem
1358 1937 1588 1999 ferocem
1638 1939 1996 2005 inimiciterque
2045 1959 2320 1992 accensum.

201 2036 475 2085 Priscianus
509 2048 558 2094 p.
591 2039 694 2092 709
725 2032 780 2081 Ρ.
811 2030 918 2078 haec
949 2031 1112 2092 ponit:
1148 2029 1324 2080 Actius
1356 2029 1408 2076 in
1434 2030 1604 2092 primo
1637 2030 2003 2080 didascalicon:
2047 2034 2321 2093 Falsidica,

203 2125 390 2186 audax,
419 2123 569 2187 gnati
594 2130 757 2169 mater
782 2121 1005 2185 pessimi,
1040 2120 1249 2179 odibilis,
1281 2128 1469 2168 natura
1501 2121 1676 2185 impos,
1705 2139 1893 2179 excors,
1927 2132 1977 2170 et
1985 2123 2127 2185 fera.
2197 2125 2321 2173 Gel-

202 2217 297 2265 lius
328 2215 414 2263 lib.
444 2215 523 2260 III.
555 2230 595 2261 c.
628 2222 689 2267 11
725 2215 794 2260 ita
825 2213 1014 2259 scribit:
1050 2212 1225 2260 Accius
1259 2220 1419 2259 autem
1457 2213 1621 2278 (supra
1655 2215 1720 2262 L.
1752 2215 1960 2263 Accium
1985 2224 2191 2277 poetam
2224 2234 2320 2265 no-

202 2302 377 2370 minat)
415 2306 469 2352 in
500 2306 658 2365 primo
689 2303 1007 2350 didascalicon
1043 2304 1106 2369 (v.
1142 2302 1465 2366 didascalico)
1507 2303 1693 2351 levibus
1728 2307 1988 2352 admodum
2023 2310 2318 2368 argumentis

203 2399 384 2456 utitur,
435 2411 525 2456 per
560 2411 668 2456 quae
704 2395 942 2448 ostendit,
985 2394 1255 2440 Hesiodum
1282 2401 1401 2440 natu
1434 2396 1663 2454 priorem.
1744 2395 1893 2451 Quod
1922 2401 2199 2459 Homerus,
2234 2389 2317 2446 in-

204 2488 335 2550 quit,
392 2500 506 2531 cum
538 2483 590 2530 in
611 2484 866 2547 principio
900 2483 1134 2530 carminis
1166 2482 1412 2531 Achillem
1441 2500 1547 2530 esse
1569 2483 1742 2545 filium
1771 2485 1916 2532 Pelei
1946 2486 2155 2544 diceret,
2208 2488 2318 2551 quis

203 2582 335 2624 esset
365 2574 576 2635 Peleus,
605 2589 703 2620 non
737 2574 936 2621 addidit
946 2590 965 2634 ,-
1000 2590 1151 2638 quam
1182 2589 1287 2621 rem
1315 2574 1525 2638 procul,
1559 2577 1738 2638 inquit,
1768 2575 1918 2622 dubio
1956 2576 2182 2633 dixisset,
2219 2576 2320 2624 nisi

208 2665 272 2714 ab
303 2665 531 2712 Hesiodo
559 2664 661 2710 iam
696 2665 883 2710 dictum
916 2665 1179 2713 videretur.
1245 2667 1329 2714 De
1366 2666 1581 2727 Cyclope
1614 2665 1810 2722 itidem,
1860 2668 2040 2729 inquit,
2094 2666 2178 2714 vel
2202 2683 2320 2714 ma-

204 2755 333 2803 xime
364 2754 500 2817 quod
530 2754 770 2801 unoculus
791 2752 930 2815 fuit,
974 2771 1080 2802 rem
1114 2763 1218 2802 tam
1251 2754 1494 2817 insignem
1529 2770 1629 2802 non
1649 2756 1992 2818 praeterisset,
2048 2756 2146 2804 nisi
2179 2773 2318 2822 oeque

202 2843 390 2911 prioris
418 2842 631 2893 Hesiodi
662 2842 964 2892 carminibus
999 2845 1265 2909 vulgatum
1293 2852 1435 2893 esset.

295 2941 297 2943 ’
383 2934 655 2984 Secundum
686 2933 865 2984 librum
896 2935 970 2983 bis
1012 2938 1130 2986 citat
1168 2937 1369 2986 Nonius.
1437 2937 1494 2984 P.
1523 2938 1622 2994 165
1658 2936 1740 3003 (de
1772 2937 1960 2990 honest.
2006 2945 2056 2987 et
2082 2953 2193 2989 nov.
2221 2947 2315 2988 vet.
