2608 3602
303 182 370 240 ἰο

237 326 436 372 omnino
463 308 750 371 huiusmodi
770 319 892 369 Attii
920 308 1086 367 libros.
1156 318 1253 367 Sed
1283 319 1374 366 ho'c
1403 306 1562 381 ipsunt·
1592 322 1730 368 ortus
1755 329 1852 402 est,
1921 324 2021 385 qui
2055 324 2257 399 negaret
2291 321 2341 375 et

239 416 399 462 omnia
431 410 523 461 alia
543 415 754 474 doceret,
787 396 1061 459 Fridericus
1076 397 1315 470 Osannus,
1349 411 1481 458 cuius
1498 425 1587 472 ego
1611 411 1984 473 disputationem
2016 420 2128 460 ante
2159 407 2343 476 aliquot

235 504 386 551 annos
409 505 664 565 proditam,
688 509 785 549 ιιοιι
799 501 963 562 paucis
988 486 1240 546 oblivionis
1263 505 1313 546 et
1332 486 1747 547 inconsiderantiae
1767 502 2008 549 erroribus
2031 502 2351 564 implicatam,

233 596 293 640 ut
317 592 438 639 solet
470 593 585 639 huic
617 592 721 637 viro
749 592 803 636 in
834 591 982 636 novis
1011 589 1230 671 inventi-⁴3,
1261 590 1467 667 quorum
1498 591 1608 636 cum
1643 588 1926 639 credulitate
1959 594 2163 655 quadam
2198 584 2354 653 paulo*

236 689 307 728 est
340 683 573 742 cupidior,
606 682 832 727 accidere
840 676 903 742 ⁴),
941 665 1051 725 non
1066 664 1288 739 patareni
1322 679 1543 726 accurate
1573 664 1901 760 refellendam,
1935 684 2027 730 nisi
2061 690 2110 730 et
2131 682 2345 744 Langius

233 774 286 818 ιιι
318 771 555 819 Vindiciis
588 771 872 832 Tragoedi'ae
903 768 1141 815 Romanae
1176 777 1281 814 eam
1322 763 1597 831 improbare
1639 786 1783 849 ausus
1820 787 1919 818 non
1962 780 2100 820 esset
2121 778 2171 819 et
2202 766 2348 850 plane

234 862 550 924 pluribusque
586 862 745 909 verbis
781 860 1036 921 probasse}
1066 864 1244 918 praeter
1271 859 1526 920 Βοῒιιιιιιιι,
1595 862 1674 923 qui
1717 862 1768 907 in
1802 868 1905 907 toto
1934 861 2027 908 hoc
2061 871 2237 924 genere
2268 847 2347 907 le-

232 952 356 999 viter
391 951 653 998 admodum
690 957 764 997 est
794 956 1011 999 versatus
1044 942 1256 1009 (Fragin.
1288 947 1478 1010 Tragic.
1511 943 1617 997 Lat.
1645 951 1692 1012 p.
1705 946 1809 1013 1.),
1843 952 1892 997 et
1921 951 2168 999 Baehrium
2201 936 2349 1015 (Hist.

230 1040 349 1086 Litt.
382 1040 528 1088 Rom.
572 1057 622 1101 p.
649 1038 736 1102 45)
780 1038 1022 1101 Augustus
1048 1037 1307 1084 Weichert
1347 1039 1416 1101 (ιιι
1447 1041 1703 1086 comment.
1747 1042 1807 1085 de
1839 1041 2004 1103 Laevio
2038 1024 2167 1099 poet.
2199 1056 2247 1100 p‘.
2280 1043 2347 1092 46

233 1129 309 1174 ed.
364 1127 499 1189 Lips.
537 1126 718 1191 1830),
795 1134 852 1175 ut
900 1128 997 1174 iam
1040 1125 1183 1173 latius
1232 1143 1427 1188 serpere
1473 1130 1608 1174 error
1645 1130 1877 1176 videatur.
1947 1126 2172 1174 Osannus
2201 1119 2351 1187 enim,⁴

234 1231 381 1279 quum
415 1219 467 1264 in
500 1218 745 1266 Analectis
778 1218 968 1264 Criticis
1004 1214 1180 1277 (poesis
1202 1201 1345 1262 Rom.
1385 1217 1587 1263 scenicae
1618 1217 1786 1279 reliqu.
1816 1217 2178 1267 illustrantibus
2247 1217 2351 1263 Be-

232 1305 585 1370 rolin.1816)‚
629 1323 678 1369 p.
709 1315 784 1366 39·
804 1323 904 1369 sqq.
946 1307 1006 1353 de
1039 1321 1180 1386 anno,-
1216 1321 1311 1368 quo
1339 1305 1447 1352 acta
1482 1307 1610 1353 esset
1637 1307 1796 1367 prima
1826 1307 1956 1367 apud
1988 1290 2235 1353 Romanos
2268 1305 2351 1353 fa·-

233 1395 376 1454 bula,
444 1405 683 1460 quaereret
728 1399 1042 1460 utereturque
1088 1390 1197 1442 loeo
1242 1399 1388 1458 supra
1431 1412 1459 1443 a
1493 1397 1573 1443 me
1605 1404 1982 1473 commemorato
2013 1397 2257 1445 Ciceronis
2288 1411 2350 1444 ex

328 1576 371 1620 4)
419 1576 574 1612 Accidit
598 1577 672 1612 hoc
696 1580 736 1612 ei
761 1590 882 1623 quum
906 1579 1041 1622 ‘saepius
1065 1566 1148 1609 tum
1171 1577 1212 1609 iu
1232 1569 1395 1619 pulchro
1429 1577 1499 1610 illo
1527 1577 1712 1621 opusculo
1735 1575 1777 1610 L.
1804 1575 1943 1611 Caecilii
1965 1575 2171 1610 Minutiani
2194 1574 2353 1619 Apuleii

413 1636 461 1670 de
486 1637 780 1682 orthographia,
829 1636 933 1681 quod
958 1643 1137 1687 tanquam
1162 1637 1358 1678 egregium
1382 1629 1547 1681 ἕρμαιον.
1567 1635 1613 1670 ad
1631 1634 1913 1670 Germanorum
1943 1638 2117 1670 notitiam
2151 1638 2352 1680 protraxit,

408 1699 451 1727 in
476 1707 554 1737 quo
581 1700 740 1727 invento
769 1706 888 1737 quum
913 1705 985 1735 ego
1010 1694 1187 1724 nebulam
1208 1701 1277 1734 pro
1298 1691 1443 1738 Iunone
1469 1694 1688 1734 amplexum
1713 1693 1959 1727 ostendissem
1988 1695 2043 1736 (in
2070 1698 2209 1738 scripto
2233 1693 2353 1730 Aca'd.

410 1765 444 1789 a.
470 1756 605 1796 1828),
641 1764 765 1798 nuper
790 1754 833 1786 i'u
866 1750 992 1784 Iahnii
1018 1747 1214 1783 annalibus
1243 1748 1339 1791 (vol.
1361 1747 1472 1789 XIII,
1498 1750 1534 1787 3.
1559 1760 1597 1794 p·.
1624 1754 1696 1789 307
1719 1752 1819 1795 sqq.)
1880 1751 2090 1796 Apuleium
2117 1764 2228 1788 suum
2250 1757 2354 1788 tueri

413 1821 572 1848 conatus
609 1821 678 1847 est.
740 1812 842 1845 Huic
876 1820 948 1855 ego
986 1810 1187 1855 desperatoe
1220 1820 1337 1843 causae
1373 1808 1605 1854 defensioni,
1649 1813 1691 1845 in
1715 1820 1789 1859 qua
1812 1814 1894 1857 ipse
1919 1813 2101 1857 pleraque
2122 1816 2164 1847 in
2187 1814 2256 1847 illo
2280 1824 2351 1847 suo

410 1874 582 1920 Apuleio
619 1875 714 1907 mira
749 1883 831 1907 esse
876 1870 1072 1905 consessus
1108 1877 1186 1914 est,
1256 1881 1340 1904 mea
1387 1878 1513 1905 autem
1551 1879 1771 1915 argumenta
1815 1879 1880 1907 aut
1901 1915 1903 1920 .
1923 1883 2003 1907 nou
2044 1874 2236 1908 intellexit
2285 1866 2354 1914 ,aut

412 1938 489 1970 alio
514 1936 670 1969 detorsit
693 1942 758 1968 aut
780 1934 913 1979 plane,
934 1935 967 1966 si
991 1934 1103 1965 nimis
1126 1929 1243 1965 ardua
1266 1928 1325 1965 res
1350 1938 1447 1972 erat,
1472 1929 1591 1965 tacuit
1614 1932 1738 1973 (velut
1762 1932 2044 1976 planettullius
2067 1937 2249 1969 momenti
2272 1944 2354 1970 esse

415 2003 523 2043 putat
539 1998 591 2041 (p.
600 1999 700 2038 329),
721 2003 802 2040 quae
821 1993 866 2028 de
878 1993 1078 2034 Turranio,
1087 1991 1256 2035 MeHsso,
1274 1991 1388 2036 Varo,
1401 1990 1584 2034 Graccho,
1598 1992 1626 2026 Γ
1627 1997 1785 2035 ontauo
1798 1992 1904 2028 Cotta
1923 1994 2017 2036 dixi,
2038 1999 2145 2039 quasi
2158 1997 2228 2039 e'go
2243 1997 2353 2041 quid·-

415 2069 529 2103 quam
546 2056 723 2099 dixerim,
750 2057 826 2089 nisi
844 2054 918 2088 hoc
939 2055 1064 2098 ipsum
1080 2063 1160 2087 esse
1181 2051 1326 2087 fraudis
1347 2055 1565 2097 vestigium,
1574 2053 1715 2098 quod
1716 2053 1758 2091 hi
1777 2050 1908 2089 Ovidii
1934 2058 2044 2090 amici
2065 2068 2085 2091 a
2104 2054 2354 2093 Grammatico

416 2122 605 2162 citentur,
636 2121 710 2152 nisi
734 2115 838 2161 quod
862 2114 1181 2156 addidi,·1··ontani
1208 2110 1298 2149 libri
1323 2113 1379 2147 111
1404 2115 1658 2159 nympharum
1683 2112 1972 2159 satyrorumque
1998 2110 2166 2152 amorum
2190 2120 2355 2153 auctori-

413 2182 489 2215 tate
513 2178 709 2224 perlepide
734 2175 904 2219 ostendi,
930 2181 980 2209 au
1004 2180 1085 2209 esse
1109 2173 1422 2219 diphthongum),
1445 2193 1493 2202 —
1516 2175 1629 2217 huic,
1653 2177 1832 2220 inquam,
1854 2175 2067 2218 defensioni
2090 2175 2356 2224 responderem

417 2240 584 2285 aliquid,
640 2242 672 2273 si
700 2246 765 2272 aut
792 2238 876 2282 plus
900 2238 1082 2282 temporis
1105 2238 1303 2281 impostori
1326 2236 1516 2280 illi‚(”der
1541 2236 1707 2271 schniide
1733 2235 1918 2281 Betriiger
1939 2235 2127 2287 Apuleius
2149 2238 2195 2274 de
2224 2239 2356 2274 ortho-

419 2301 601 2346 graphia”
624 2301 838 2344 appellatur
864 2304 885 2332 a
908 2297 1156 2340 Bernhardyo
1182 2287 1388 2330 Grandi-iss
1414 2297 1481 2331 der
1504 2298 1598 2331 τδιιι.
1620 2296 1711 2333 Litt.
1735 2309 1774 2342 p.
1799 2301 1886 2339 329)
1926 2299 2219 2342 impendendum
2244 2300 2354 2345 puta-

415 2374 497 2398 rem
521 2370 588 2397 aut
610 2372 690 2398 rem
715 2359 871 2395 dubiam
897 2359 1019 2394 vrideri
1043 2360 1153 2403 posse
1178 2356 1293 2392 semel
1318 2357 1533 2392 admonitis.
1597 2355 1761 2394 Tantum
1785 2358 1946 2402 vellem,
1996 2370 2044 2395 ne
2071 2360 2174 2394 maia
2189 2360 2271 2407 fide
2293 2372 2354 2396 me

419 2426 589 2458 omisisse
614 2430 772 2466 questus
798 2428 896 2454 esset
922 2422 1022 2462 (314)
1052 2419 1097 2452 de
1122 2416 1249 2452 Caelio
1273 2410 1513 2462 Rhod'igiuo,
1559 2429 1641 2463 quae
1671 2421 1753 2462 ipse
1788 2422 1881 2453 meis
1915 2419 2042 2465 verbis·
2066 2429 2356 2456 commemorata

421 2485 582 2532 protulit
606 2484 658 2529 (p.
682 2480 793 2528 309),
821 2492 893 2516 nec
931 2491 991 2516 me
1020 2479 1098 2514 doli
1120 2479 1372 2514 insimulasset
1393 2480 1506 2521 (319),
1530 2482 1637 2523 quasi
1663 2490 1733 2522 ego
1757 2480 1986 2524 negassem,'
2005 2482 2125 2516 ullum
2153 2494 2173 2516 e
2198 2473 2357 2527 scripto-

419 2545 528 2582 ribus
549 2543 652 2589 apud
675 2540 860 2578 Ovidium
884 2539 953 2587 Ep.
984 2551 1036 2575 ex
1063 2538 1276 2580 PontLIV,
1307 2538 1592 2578 ‘16'nominatis
1616 2539 1716 2585 apud
1740 2543 2001 2584 grammaticos
2025 2540 2157 2583 citari3'
2187 2554 2272 2578 nam
2291 2554 2357 2579 ce·-

420 2617 500 2642 zera
522 2605 621 2638 nihil
634 2604 830 2638 intercedo
847 2614 925 2648 quo
954 2604 1079 2635 minus
1103 2600 1277 2645 proeclare
1302 2599 1489 2645 disputata
1514 2607 1646 2645 putet,
1669 2600 1777 2635 verbi
1806 2612 1917 2635 causa
1942 2601 2044 2646 quod
2069 2604 2171 2647 (319)
2197 2602 2357 2649 Apuleii

423 2676 461 2703 et
485 2662 671 2699 Prisciani
696 2665 923 2709 scriptorum
940 2649 1123 2696 'veterum
1147 2660 1384 2695 citandorum
1408 2662 1589 2695 rationem
1614 2659 1774 2696 similem
1800 2660 1931 2704 credit,
1956 2670 2020 2696 aut
2044 2664 2158 2708 quod,
2178 2664 2245 2699 ubi
2271 2662 2356 2709 ego,

425 2726 585 2772 exceptis
619 2726 788 2768 Pedone,
832 2727 981 2766 Marso,
1031 2722 1303 2768 similibusque,
1352 2724 1490 2766 negavi
1520 2724 1696 2767 Tuscum,
1735 2724 1881 2768 Lupum
1903 2723 2112 2771 similesque
2139 2726 2358 2773 quisquilia*

423 2787 704 2822 aGrammatico
730 2785 864 2819 Latino
887 2784 1082 2818 inferioris
1105 2785 1218 2816 aetatis
1238 2790 1409 2817 auctores
1429 2786 1534 2817 citari
1557 2786 1739 2829 potuisse,
1766 2787 1924 2830 opponit
1940 2785 2147 2831 Rabirium,
2164 2785 2372 2824 AEmilium,

424 2851 616 2888 Macrum,
661 2848 843 2880 Pedonem
872 2846 994 2888 (320),
1015 2852 1085 2879 ⁴aut
1117 2843 1219 2889 quod
1247 2843 1341 2878 mihi
1364 2845 1589 2889 pusillorum
1616 2847 1771 2881 illorum
1806 2853 2023 2891 poetarum,
2070 2859 2166 2893 quos
2194 2843 2357 2882 Ovidius

425 2920 513 2945 cum
537 2910 665 2954 paucis
691 2906 915 2943 clarioribus
941 2909 983 2942 in
1008 2907 1073 2942 illa
1097 2906 1256 2953 epistola
1280 2907 1451 2942 amicitiae
1474 2918 1584 2944 causa
1608 2908 1756 2953 laudat,
1792 2919 1906 2955 opera
1937 2916 1975 2945 et
1999 2908 2136 2945 famam
2156 2906 2202 2943 ad
2227 2913 2357 2952 poste-
