2608 3602
256 942 385 1053 Qui
417 978 591 1022 artium
625 983 674 1023 et
704 975 952 1022 literarum
983 976 1035 1020 in
1070 974 1267 1022 diversis
1297 971 1489 1034 populis
1524 974 1732 1035 origines
1773 979 1825 1019 et
1857 986 2135 1035 progressus
2167 975 2238 1020 ita
2269 974 2351 1020 in·

254 1073 331 1112 ter
362 1081 414 1111 se
449 1070 769 1127 componunt,
810 1069 867 1109 ut
900 1078 999 1109 non
1032 1063 1084 1109 in
1117 1062 1267 1109 altera
1299 1069 1440 1123 parte
1471 1062 1734 1122 laudanda,
1774 1063 1925 1109 altera
1957 1062 2353 1123 reprehendenda

257 1157 542 1212 consistant,
608 1156 661 1201 in
716 1146 823 1216 quo*¹
842 1151 1127 1216 plerumque
1158 1153 1384 1216 iniquitas
1418 1169 1517 1200 non
1550 1154 1804 1200 mediocris
1838 1159 1936 1213 est,
1998 1154 2085 1200 sed
2111 1150 2353 1199 naturales

255 1256 306 1293 et
330 1247 620 1293 necessarios
651 1245 821 1292 modos
853 1258 1143 1305 cognoscere
1176 1243 1421 1305 studeant,
1456 1244 1628 1307 quibus
1659 1242 1951 1305 populorum
1987 1244 2179 1306 ingenia
2206 1257 2359 1288 exco-

254 1335 439 1395 lantur,
487 1336 544 1382 iis
558 1369 572 1395 ,
620 1350 768 1396 quum
812 1349 841 1380 a
874 1332 1159 1381 Grae-corum
1192 1333 1343 1382 literis
1377 1334 1439 1381 ad
1474 1333 1672 1381 Latinas
1717 1335 2037 1394 transierunt,
2102 1331 2356 1393 singularis

257 1426 411 1474 videri
441 1424 587 1471 debet
615 1423 833 1471 celeritas
868 1424 1089 1486 quaedam
1123 1440 1291 1472 cursus
1325 1431 1397 1486 et,
1453 1430 1510 1471 ut
1542 1425 1611 1471 ita
1640 1425 1824 1485 dicam,
1891 1430 2004 1471 ante
2036 1431 2228 1484 tempus
2258 1435 2357 1468 non

252 1514 484 1575 perfecta,
518 1515 607 1561 sed
637 1512 732 1559 alio
765 1515 972 1575 quodam
996 1515 1141 1561 modo
1169 1513 1332 1561 adulta
1365 1513 1538 1561 forma.
1605 1513 1769 1574 Quum
1803 1515 1935 1560 enim
1967 1513 2193 1572 Romani,
2228 1526 2355 1557 non-

253 1604 371 1650 dum
397 1605 655 1666 quidquam
690 1602 921 1649 habentes
935 1637 949 1664 ,
984 1604 1114 1665 quod
1146 1606 1515 1667 peregrinorum
1547 1603 1698 1650 literis
1732 1610 2058 1666 opponerent,
2098 1618 2200 1650 non
2232 1603 2358 1649 inci-

251 1699 519 1738 tamentum
552 1692 744 1748 aliquod
778 1691 971 1733 aliunde
998 1694 1058 1732 ad
1094 1708 1172 1744 ea,
1200 1709 1309 1746 quae
1342 1697 1539 1747 propria
1564 1695 1649 1734 sed
1682 1696 1822 1733 rudia
1854 1702 2037 1746 essent,
2071 1693 2360 1747 expolienda

254 1780 573 1839 accepissent,
632 1774 718 1820 sed
741 1773 1022 1819 incidissent
1054 1772 1106 1818 in
1143 1771 1428 1818 Graecorum
1463 1780 1591 1820 artes
1626 1779 1839 1819 maturas
1879 1774 1978 1820 iam
2014 1780 2064 1820 et
2096 1789 2250 1835 prope
2278 1791 2358 1823 se-

255 1874 504 1918 nescentes
550 1878 725 1926 easque
768 1860 1032 1910 transferre
1077 1862 1139 1908 ad
1173 1851 1225 1907 se
1266 1863 1542 1923 studerent,
1609 1863 1678 1908 ita
1712 1869 1877 1909 tamen
1910 1870 1967 1909 ut
2000 1867 2277 1927 ceteroquin
2308 1868 2357 1914 in

257 1959 541 2007 G'raecorum
575 1953 757 2017 ingenii
789 1953 996 2015 vitaeque
1028 1951 1264 1998 rationem
1298 1967 1398 1999 non
1441 1953 1730 2013 transirent,
1784 1954 1966 2014 primos
2001 1953 2109 2000 illos
2143 1957 2277 2002 nisus
2310 1964 2358 2002 et

256 2048 530 2106 conamina,
574 2045 781 2105 primam
817 2043 1025 2104 denique
1050 2040 1243 2088 illarum
1276 2040 1525 2089 literarum
1560 2041 1791 2103 formam,
1833 2059 1952 2108 quas
1989 2059 2052 2090 ex
2086 2047 2161 2092 sui
2194 2046 2360 2109 populi

256 2139 451 2202 ingenio
493 2141 631 2183 natas
676 2134 948 2195 sensimque
994 2130 1106 2179 laete
1147 2139 1197 2180 et
1242 2147 1354 2179 cum
1394 2131 1587 2179 luxuria
1603 2132 1608 2138 ’
1625 2133 1831 2195 quadam
1873 2134 1926 2181 in
1973 2134 2114 2182 altius
2160 2137 2358 2184 eductas

256 2229 522 2294 primitivas
555 2224 920 2288 appellaverim,
990 2224 1199 2288 quodam
1242 2224 1387 2297 modo
1428 2222 1777 2272 transilierunt,
1882 2224 2030 2285 Quod
2061 2227 2189 2273 enim
2228 2229 2360 2276 anti-

257 2321 536 2384 quissimam
586 2316 795 2379 aliquam
839 2315 988 2363 fuisse
1032 2314 1365 2361 Romanorum
1408 2316 1578 2375 poesin
1625 2330 1827 2377 eamque
1869 2316 1931 2362 ab
1969 2316 2128 2363 Ennio
2161 2317 2359 2380 aliisque

257 2411 480 2457 obrutam
517 2424 620 2453 esse
654 2408 842 2468 putavit
875 2409 948 2453 vir
976 2408 1221 2469 egregius,
1292 2407 1375 2468 qui
1405 2421 1561 2467 nuper
1596 2421 1624 2451 e
1657 2407 1798 2452 terris
1832 2406 2063 2467 discessit,
2132 2408 2356 2456 Niebuh-

256 2502 382 2559 rius,
443 2514 603 2560 neque
647 2498 825 2559 apertis
873 2498 1157 2544 testimoniis
1202 2495 1333 2543 illam
1377 2497 1650 2557 opinionem
1692 2511 1846 2558 neque
1888 2499 2100 2560 vestigiis
2149 2497 2358 2546 manife-

258 2590 344 2636 stis
386 2587 710 2650 confirmavit3
767 2603 857 2633 nec
899 2589 940 2634 si
970 2586 1067 2650 ¹illa
1107 2588 1265 2649 poesis
1298 2585 1496 2646 fuisset,
1564 2588 1783 2634 cessisset
1823 2587 1984 2634 subito
2025 2589 2137 2635 rudi
2169 2588 2357 2635 Graecoe

258 2679 375 2725 artis
408 2678 687 2737 imitationi,
744 2694 851 2739 quae
885 2694 948 2724 ne
982 2685 1151 2740 postea
1182 2678 1376 2740 quidem
1398 2678 1512 2723 satis
1549 2677 1725 2738 ubique
1756 2677 1991 2738 populum
2023 2686 2188 2725 tenere
2222 2679 2359 2726 radi-

213 2780 216 2782 ·
258 2782 428 2830 cesque
460 2782 604 2827 agere
634 2768 821 2827 potuit,
865 2774 922 2813 ut
952 2770 1005 2814 in
1039 2770 1227 2815 scenica
1260 2741 1402 2830 poesi¹
1430 2773 1640 2828 apparet.
1715 2766 1882 2829 Itaque
1916 2769 2061 2828 mihi,
2101 2776 2158 2816 ut
2188 2771 2355 2816 eadem

257 2859 465 2921 imagine
497 2864 629 2916 utar,
666 2873 758 2918 qua
787 2856 902 2905 olim
930 2858 1195 2906 utebantur
1227 2861 1278 2906 in
1312 2858 1511 2905 historia
1544 2857 1792 2904 literarum
1826 2859 2109 2907 Latinarum
2139 2861 2200 2907 ad
2225 2867 2355 2906 tem-

256 2966 431 3011 porum
464 2949 697 2996 rationem
732 2947 1060 2997 distribuenda
1078 2984 1092 3010 ,
1151 2950 1282 2997 nulla
1330 2950 1520 2997 videtur
1555 2964 1658 2995 esse
1698 2935 1870 2997 harum
1902 2949 2147 2998 literarum
2188 2949 2357 2998 adole-

2040 3033 2092 3078 1*
