2608 3602
2212 171 2276 232 2²5

1080 304 1146 352 IN
1178 303 1495 353 MATHESI.

410 404 638 452 Diversas
676 400 883 447 rationes
913 411 1165 445 curvarum
1201 397 1252 442 in
1281 396 1472 459 ordines
1504 397 1942 445 distribuendarum
1986 401 2191 447 examini
2222 401 2344 447 sub—

237 497 393 543 iicere.

1060 644 1127 691 IN
1173 640 1498 691 HISTORIA.

408 749 698 822 IndageturJ
727 772 945 820 quaenam
975 760 1027 805 in
1059 756 1247 817 scriptis
1260 788 1274 814 ,
1311 758 1635 805 monumentis
1664 764 1713 804 et
1731 757 2065 806 traditionibus
2087 767 2341 810 occurrant

240 855 461 915 vestigia,
500 852 629 898 unde
662 848 819 911 colligi
847 850 1020 912 possit,
1068 846 1339 896 Americam
1371 849 1581 913 mediam
1609 854 1659 894 et
1689 848 2050 898 meridionalem
2083 851 2180 897 iam
2213 860 2338 912 ante,

240 960 380 1006 quam
411 943 501 989 sub
528 940 673 989 finem
703 939 852 986 seculi
880 938 1016 986 xvfi
1047 939 1234 986 detecta
1262 938 1381 999 fuit,
1420 938 1611 1001 populis
1647 946 1929 988 caeterarum
1968 942 2096 988 orbis
2124 944 2337 1003 partium

239 1035 477 1095 cognitam
507 1031 583 1080 vel
615 1032 793 1077 aditam
822 1036 872 1075 et
908 1044 969 1075 ex
994 1036 1134 1090 parte
1164 1036 1446 1092 occupatam
1478 1029 1649 1090 fuisse,
1693 1032 1901 1094 quidque
1932 1032 1984 1078 in
2002 1046 2059 1078 ea
2078 1047 2132 1079 re
2151 1013 2362 1094 proba-⁵

237 1123 378 1170 bilius
400 1124 474 1181 sit,
499 1120 694 1183 singulis
715 1120 805 1167 sub
826 1135 1027 1167 examen
1047 1122 1241 1180 vocatiS,
1274 1122 1567 1170 ostendatur.

1015 1278 1087 1325 IN
1133 1275 1552 1324 PHILOLOGIA.

409 1391 750 1452 Investigetm·,
789 1389 987 1436 Plautus
1020 1406 1269 1453 quousque
1310 1389 1508 1435 Graecos
1544 1391 1753 1436 comicos
1792 1396 1982 1437 secutus
2018 1392 2108 1446 sit,
2159 1400 2207 1439 et
2240 1409 2333 1453 quo

237 1482 379 1526 modo
401 1495 587 1542 quaque
608 1480 830 1528 libertate
849 1482 901 1528 in
927 1480 1018 1528 hac
1036 1482 1302 1528 imitatione
1327 1485 1542 1527 versatus
1568 1479 1645 1526 sit.

1018 1638 1085 1683 IN
1117 1635 1530 1683 AESTHETICIS.

404 1749 471 1797 At
489 1751 773 1811 undersiige,
811 1764 906 1799 om,
925 1766 987 1811 og
1015 1748 1240 1795 hvorvidt
1261 1748 1347 1792 der
1367 1761 1420 1791 er
1439 1761 1500 1792 en
1527 1749 1933 1809 grundvaesentlig
1954 1749 2168 1811 Forskjel
2186 1753 2332 1808 imelf

225 1840 322 1885 lem
342 1837 537 1884 classisk
556 1855 618 1899 og
638 1837 901 1884 romantisk
920 1838 1103 1884 Poesie.

878 1993 946 2040 IN
977 1990 1290 2039 HISTORIA
1318 1993 1366 2039 N
1366 1991 1671 2042 ATURALI.

401 2106 720 2154 Desideratur
757 2104 902 2153 Flora
943 2106 1128 2152 medica
1173 2106 1372 2166 Daniae,
1440 2107 1687 2152 continens
1731 2106 2075 2169 descriptiones
2118 2112 2329 2158 omnium

225 2197 498 2259 plantarum
521 2200 572 2245 in
594 2197 753 2244 Dania
774 2197 1105 2256 crescentium,
1141 2212 1246 2258 quae
1270 2195 1413 2242 hodie
1436 2197 1483 2243 in
1510 2203 1611 2243 arte
1633 2197 1815 2243 medica
1839 2199 1890 2245 in
1912 2215 2005 2248 usu
2022 2207 2157 2263 sunt,
2192 2217 2328 2250 com-

222 2289 401 2349 paratis
421 2288 564 2335 simul
584 2305 750 2337 earum
774 2296 824 2335 et
846 2288 1118 2348 plantarum
1141 2289 1437 2334 exoticarum
1466 2287 1772 2348 analogarum
1794 2290 1993 2339 viribus.

788 2445 857 2491 IN
893 2444 1170 2491 PHYSICA
1205 2442 1762 2495 EXPERIMENTALL

390 2559 762 2607 Observationes
795 2565 844 2605 et
875 2560 1134 2605 sententias
1165 2558 1471 2618 physicorum
1506 2559 1565 2604 de
1597 2557 1904 2606 electricitate
1939 2559 2322 2623 atmosphaerica,

220 2665 327 2713 quae
347 2664 439 2710 ope
459 2651 939 2698 inventorummostri
970 2652 1059 2695 aevi
1085 2648 1241 2694 multis
1264 2649 1413 2694 modis
1435 2650 1609 2710 corrigi
1634 2658 1681 2696 et
1709 2648 1934 2710 explicari
1957 2658 2169 2712 possunt,
2198 2666 2323 2700 novo

219 2741 451 2788 subiicere
482 2743 715 2797 examini3
750 2742 797 2785 in
821 2756 914 2801 quo
945 2741 1270 2799 persequendo
1299 2741 1494 2783 minime
1519 2740 1789 2802 negligendi
1813 2749 1927 2787 sunt
1951 2742 2166 2801 effectuS‚
2204 2756 2326 2803 quos

218 2833 271 2878 in
289 2846 341 2878 se
360 2832 564 2880 invicem
589 2838 815 2876 exercent
835 2836 975 2874 terra
1009 2833 1204 2890 eiusque
1244 2829 1575 2888 atmosphaera.
