2608 3602
291 190 355 250 12

226 337 356 386 inter
389 335 714 399 grammaticae
741 331 932 379 Latinae
968 337 1214 391 auctores,
1256 332 1336 395 qui
1367 346 1531 377 omnes
1565 340 1678 393 post
1708 331 1893 381 Attium
1925 336 2160 396 tragicum
2195 333 2336 384 vixe-

226 430 347 486 rint,
413 427 718 484 nominetur,
768 423 973 469 eundem
1007 437 1111 466 esse
1145 428 1290 483 atque
1322 422 1465 468 hunc.
1532 411 1700 485 Itaque
1735 426 1943 486 primum
1976 425 2198 471 omnibus
2243 427 2337 474 illis

221 515 365 576 locis,
395 519 446 563 in
481 518 653 580 quibus
684 512 804 559 Attii
834 511 1118 558 didascalica
1149 514 1432 560 nominatim
1467 503 1830 575 memorantur,
1871 531 1970 561 uno
2006 515 2175 576 Gellii,
2211 517 2338 562 duo-

222 609 316 656 bus
345 607 574 665 Charisii,
609 589 838 667 quattuor
870 602 1041 662 Nonii,
1073 600 1261 647 duobus
1295 603 1551 664 Prisciani,
1584 618 1674 665 pro
1708 602 1829 652 Attii
1863 592 2071 666 nomine,
2107 607 2210 652 sine
2237 605 2336 652 ulla

221 697 541 745 inconstantia
569 694 838 756 perscripto
865 691 996 755 (nam
1029 690 1237 746 Accius,
1304 678 1509 749 Aciius,
1577 691 1748 741 Attius
1781 698 1911 756 apud
1940 696 2158 743 librarios
2204 696 2338 742 eius-

223 788 337 834 dem
376 792 489 832 sunt
530 784 736 831 nominis
793 778 1011 841 sormae,)
1079 778 1209 826 Ateii
1260 781 1459 842 sufficit,
1529 784 1660 829 cuius
1702 798 1938 845 nusquam
1983 787 2238 847 vestigium
2286 785 2338 830 in

223 876 318 922 hac
357 891 414 921 re
458 882 555 935 est,
617 872 793 918 deinde
845 871 974 932 quod
1009 871 1137 930 apud
1180 870 1392 917 Gellium
1436 873 1523 931 111,
1597 882 1673 926 11.
1733 875 1963 933 scriptum
2007 883 2080 921 est
2122 876 2186 922 L.
2232 873 2339 922 Ac-

223 965 329 1011 cius
349 971 522 1026 poeta,
556 970 831 1009 extremum
864 959 1149 1009 vocabulum
1186 960 1374 1021 abiicit3
1421 962 1567 1008 Nonii
1596 969 1756 1008 autem
1789 964 1956 1025 quinto
1986 963 2092 1011 loco
2128 965 2193 1028 (p.
2221 961 2338 1025 165)

223 1055 354 1117 quod
385 1070 476 1101 nec
493 1054 637 1100 Idem
659 1054 711 1098 in
734 1049 912 1098 Ateius
932 1049 1072 1097 facile
1093 1051 1270 1095 mutari
1291 1057 1484 1110 poterat
1503 1068 1592 1097 nec
1613 1050 1755 1098 Ateio
1781 1054 2026 1113 tragoedia
2048 1052 2339 1114 Amphitruo

224 1144 370 1192 simul
402 1145 578 1204 tribui,
624 1160 652 1188 a
686 1141 885 1188 librario
916 1157 1005 1202 pro
1038 1136 1179 1185 Ateio
1214 1137 1401 1186 Attium
1436 1140 1649 1198 illatum,
1695 1144 1913 1202 deinde,-
1940 1145 2112 1190 eodem
2145 1144 2340 1190 nomine

220 1239 551 1298 praecedente,
599 1233 731 1278 idem
767 1233 1002 1291 scriptum
1036 1231 1227 1276 iudicat.
1297 1230 1427 1277 Tum
1457 1248 1595 1290 vero,
1646 1235 1773 1294 quod
1804 1234 1923 1279 nihil
1970 1234 2174 1282 valitura
2203 1239 2341 1279 erant

223 1340 282 1374 ea
313 1330 612 1388 argumenta,
648 1321 819 1384 quibus
854 1321 916 1366 ad
947 1319 1052 1366 haeo
1081 1321 1310 1367 mutanda
1337 1320 1690 1381 impellebatur,
1724 1323 1816 1370 nisi
1838 1340 2029 1370 omnem
2047 1325 2119 1370 rei
2139 1323 2339 1370 scenicae

219 1416 505 1463 historicam
534 1410 1041 1459 commemorationem
1070 1409 1132 1455 ab
1167 1408 1301 1456 Attio
1336 1410 1561 1457 amolitus
1594 1420 1738 1471 esset,
1772 1413 1901 1473 apud
1931 1412 2055 1459 Gell.
2090 1413 2166 1472 III,
2187 1421 2234 1467 3.
2265 1412 2339 1458 bis

220 1503 352 1551 Ateii
381 1520 561 1549 nomen
595 1503 800 1563 reponit,
827 1507 938 1546 ante
959 1501 1123 1547 omnia
1145 1516 1260 1547 vero
1281 1502 1331 1545 in
1356 1501 1600 1546 Ciceronis
1624 1501 1777 1547 Bruto
1812 1502 1843 1551 l.
1872 1520 1912 1548 c.
1935 1501 2147 1549 Alterius
2179 1508 2341 1547 autem

222 1594 366 1642 Bruti
392 1593 489 1639 loci
532 1592 655 1655 (cap.
690 1589 800 1652 64),
873 1591 980 1652 qui,
1026 1590 1155 1650 quotl
1198 1588 1344 1636 nullis
1389 1590 1623 1637 machinis
1658 1592 1779 1639 effici
1815 1600 1998 1653 potest,
2040 1594 2152 1655 quin
2183 1592 2251 1638 ibi
2284 1590 2340 1637 L.

220 1683 409 1728 Attium
444 1689 636 1738 poetam
671 1682 733 1721 de
767 1695 911 1720 scena
942 1678 1309 1733 fabularumque
1354 1681 1541 1720 actione
1584 1682 2048 1742 scripto—tradidisse
2081 1683 2342 1737 videamus,

220 1776 378 1819 totam
404 1766 536 1813 illam
572 1763 789 1810 fabulam
825 1762 1023 1819 evertit,
1086 1760 1229 1819 plane
1272 1767 1345 1806 est
1379 1760 1570 1818 oblitus.
1651 1763 1746 1809 Sed
1790 1780 1938 1825 quum
1987 1766 2158 1813 Varro·
2180 1765 2259 1828 (de
2285 1767 2341 1813 L.

221 1860 284 1908 L,
336 1856 391 1905 V,
435 1870 482 1915 p,
522 1859 620 1906 100
663 1851 744 1911 Sp.
784 1850 869 1898 IV.
914 1866 960 1910 p.
1001 1854 1067 1902 28
1110 1848 1236 1910 Bip.)
1285 1847 1471 1896 Attium
1515 1852 1582 1897 ita
1634 1862 2078 1915 commemorasset,
2143 1862 2199 1901 ut
2236 1863 2342 1902 tra-

223 1947 445 2012 goediam
480 1949 695 2004 spectare
727 1956 826 1987 non
853 1939 1113 1998 videretur,
1145 1938 1214 1984 ibi
1246 1955 1436 2001 quoque
1463 1938 1631 1987 Ateius
1660 1942 1923 1990 subiicitur.
1990 1944 2084 1991 Sed
2115 1947 2343 1992 nomina-

225 2039 405 2086 bantur
440 2033 568 2094 apud
586 2031 798 2077 Nonium
826 2027 890 2093 (p.
912 2029 984 2082 ·61
1008 2027 1069 2073 de
1093 2041 1232 2089 prop.
1265 2043 1408 2076 serm.
1441 2045 1477 2076 s·
1500 2044 1542 2078 v.
1558 2031 1751 2093 porcae)
1785 2030 1905 2080 Attii
1933 2033 2179 2096 Parergon
2214 2034 2340 2094 libri,

228 2127 355 2190 apud
389 2122 602 2169 Gellium
639 2119 779 2185 (XX,
826 2115 878 2180 3)
927 2124 977 2162 et
1002 2116 1215 2163 Nonium
1261 2118 1327 2182 (p.
1373 2124 1471 2173 150
1506 2121 1565 2166 de
1598 2120 1710 2169 hon.
1748 2128 1797 2168 et
1828 2131 1907 2169 no·
1942 2129 2035 2171 vet.
2080 2126 2190 2171 dict.
2224 2139 2263 2171 s.
2297 2139 2343 2172 v.

222 2229 469 2282 perperos
507 2218 556 2257 et
592 2226 640 2271 p.
674 2210 769 2262 156
804 2208 863 2253 de
895 2207 1009 2255 hon.
1041 2214 1090 2253 et
1121 2223 1199 2255 no.
1225 2216 1319 2257 vet.
1366 2210 1477 2257 dict.
1522 2226 1557 2259 s.
1605 2223 1665 2259 v?
1681 2212 2073 2273 ponder-itatem)
2105 2215 2343 2277 Pragma-

225 2310 382 2363 ticou,
449 2308 499 2346 et
534 2316 596 2345 ex
639 2298 715 2343 his
753 2298 945 2358 quidem
985 2297 1275 2357 afferuntur,
1343 2315 1450 2359 quae
1482 2301 1545 2345 ad
1577 2316 1767 2348 scenam
1801 2305 2044 2363 pertinere
2076 2306 2342 2353 videantur.

226 2397 471 2442 Praeterea
502 2390 709 2436 eundem
751 2387 924 2432 horum
967 2401 1069 2431 esse
1112 2395 1163 2433 et
1208 2388 1525 2435 didascalicon
1571 2392 1854 2450 scriptorem
1881 2392 2065 2440 Gellius
2110 2395 2161 2440 in
2204 2391 2342 2454 praef.

226 2483 476 2546 significat,
509 2481 604 2541 qui,
639 2479 699 2523 de
733 2475 1028 2529 nominibus,
1057 2476 1228 2537 quibus
1255 2485 1475 2523 auctores
1501 2478 1735 2526 librorum
1772 2483 1833 2528 ad
1869 2485 2187 2530 eruditionem
2228 2497 2342 2544 spe-

228 2576 463 2623 ctantium
497 2572 573 2616 usi
606 2574 778 2626 essent,
810 2566 1027 2628 loquens,
1057 2573 1145 2625 est,
1175 2568 1343 2642 inquit,
1378 2566 1463 2629 qui
1496 2568 1880 2634 πραγματικοὲ
1915 2580 1965 2618 et
1990 2570 2257 2640 πάρεργα
2289 2579 2340 2619 et

236 2655 634 2713 διδασκαλικιὶ
683 2654 1058 2718 (inscripserit).
1128 2656 1296 2717 Itaque
1341 2663 1391 2701 et
1430 2656 1482 2702 hi
1514 2655 1655 2704 Ateio
1698 2662 1902 2717 dantur,
1935 2663 2033 2723 bis,
2071 2664 2199 2725 quod
2232 2678 2344 2709 mo·-

228 2767 347 2799 nere
379 2750 551 2795 oblitus
587 2754 672 2807 est,
707 2748 835 2807 apud
856 2745 1069 2791 Gellium
1099 2752 1266 2806 poetae
1300 2745 1616 2806 appellatione
1639 2751 1803 2796 eiecta.
1854 2752 1909 2798 In
1938 2769 2033 2814 quo
2063 2752 2208 2814 paulo
2233 2755 2344 2811 post

228 2839 507 2904 apparebit,
540 2855 685 2898 quum
721 2837 1088 2899 grammaticum
1123 2851 1283 2897 prosae
1315 2837 1540 2884 orationis
1561 2841 1749 2900 scriptis
1781 2842 1936 2888 ditare
1962 2843 2119 2901 vellet,
2149 2842 2344 2901 poe'tam

232 2931 368 2994 simul
412 2928 638 2978 effecisse.
746 2927 871 2973 Satis
906 2926 998 2975 hoc
1031 2933 1107 2975 est
1143 2942 1259 2975 sane
1298 2929 1449 2975 critici
1480 2929 1754 2979 moliminis.
1823 2931 2004 2981 Mirum
2047 2938 2122 2978 est
2156 2937 2343 2994 tamen,
