2608 3602
310 203 377 255 24

240 342 372 390 infra
391 342 593 400 scripta,
636 337 688 387 in
710 328 884 401 quibus
906 337 987 398 qui
1010 338 1135 385 vires
1155 332 1393 384 'exercere
1419 332 1610 397 volent,
1641 340 2071 388 commentationes
2098 343 2227 392 intra
2256 350 2356 397 Ca..

243 432 408 478 lendas
441 430 737 476 Decembres
763 421 918 473 'huius
953 428 1066 473 anni
1119 429 1439 476 universitatis
1474 419 1651 475 rectori
1684 429 1904 491 tradent3
1948 432 2011 478 ad
2040 436 2355 495 quaestionem

243 531 407 569 tamen
426 538 487 567 ex
509 515 708 567 historia
731 518 937 565 naturali
966 526 1209 579 sumptam
1239 520 1534 566 tractandam
1557 522 1836 568 conceditur
1862 522 2138 584 biennium,
2206 533 2262 572 ut
2295 530 2357 575 ad

243 612 346 660 cal.
366 611 663 657 Decembres
686 626 728 656 a.
746 608 1161 656 MDCCCXXXII
1193 604 1530 656 commentatio
1554 602 1830 658 censoribus
1851 612 2093 659 offerenda
2125 616 2201 662 sit.
2279 614 2358 664 De

241 703 525 749 condicione
557 702 874 763 quaestionum
906 716 966 746 ex
997 699 1257 762 philologia
1292 699 1510 747 orientali
1546 706 1595 746 et
1627 700 1829 749 historia
1860 703 2068 751 naturali
2107 706 2354 767 superiore

248 808 375 840 anno
397 794 752 854 propositarum
775 791 901 837 cives
920 789 1003 836 illo
1025 796 1245 850 tempore
1280 792 1507 837 certiores
1541 789 1657 838 facti
1688 796 1815 838 sunt.

1058 993 1125 1040 IN
1153 991 1562 1043 THEOLOGIA.

426 1107 662 1168 Exposita
691 1106 867 1154 biblica
888 1106 1234 1153 iustificationis
1271 1109 1494 1168 notione,
1541 1108 1848 1168 ostendatur,
1897 1107 2069 1170 quibus
2116 1111 2359 1159 erroribus

252 1197 534 1260 dogmaticis
548 1181 667 1244 ⁴haec
700 1198 917 1243 doctrina
948 1196 1202 1243 obscurata
1235 1196 1411 1253 fuerit,
1468 1197 1732 1260 quibusque
1773 1197 2003 1245 abusibus
2031 1199 2359 1249 ecclesiasticis

252 1288 535 1349 depravata,
571 1303 628 1334 ac
657 1287 899 1350 quomodo
925 1287 988 1333 ad
1025 1289 1277 1335 veritatem
1311 1266 1592 1350 rectumque
1620 1304 1762 1335 usum
1792 1289 1856 1335 sit
1883 1292 2169 1339 revocanda.

961 1488 1030 1534 IN
1062 1486 1419 1533 IURISPRUD
1427 1486 1645 1537 ENTIA.

426 1603 749 1662 Exponantur
771 1609 821 1646 et
847 1601 1096 1647 solvantur
1114 1601 1399 1661 quaestiones
1421 1601 1553 1659 iuriS‚
1586 1615 1702 1662 quas
1723 1601 1912 1661 praebet
1935 1602 2134 1648 materia
2156 1604 2216 1649 de
2240 1619 2361 1652 con-

250 1693 415 1749 iugum
442 1692 648 1734 divortio
671 1704 762 1730 nec
781 1704 879 1730 non
898 1692 959 1729 de
980 1689 1284 1744 separatione
1308 1689 1464 1744 quoad
1488 1687 1681 1730 thorum
1705 1694 1754 1730 et
1774 1702 2013 1747 mensam,
2040 1693 2226 1737 ratione
2248 1708 2360 1739 cum

249 1778 489 1823 bonorum
512 1777 572 1821 ad
592 1777 720 1835 ipsos
739 1774 1111 1835 pertinentium,
1147 1779 1252 1818 tum
1286 1771 1462 1816 iurium
1485 1777 1628 1833 atque
1664 1772 2011 1834 obligationum
2035 1791 2148 1838 erga
2168 1779 2361 1840 liberos,

251 1874 300 1912 et
326 1866 485 1927 quoad
508 1871 685 1909 statum
710 1864 874 1908 uxoris
903 1862 1103 1908 civilem.
1171 1861 1226 1906 In
1246 1861 1378 1905 hisce
1408 1860 1751 1922 quaestionibus
1778 1850 2085 1911 enucleandis
2115 1875 2359 1931 praecepta

252 1959 368 2002 iuris
400 1955 710 2014 universalis,
758 1954 993 2013 Romani,
1038 1954 1181 2013 patrii
1209 1952 1465 2014 legumque
1499 1950 1710 2013 Europae
1743 1952 2164 2004 celeberrimarum
2198 1957 2358 2021 expli-

253 2053 423 2093 centur
441 2053 490 2092 et
509 2047 637 2091 inter
655 2060 706 2090 se
727 2051 1081 2106 comparentur.

1094 2246 1161 2295 IN
1196 2243 1529 2295 MEDICINA.

424 2361 684 2425 Explicare
716 2359 940 2430 effectum
975 2360 1135 2410 balnei
1166 2361 1413 2424 vaporosi,
1465 2361 1594 2421 quod
1622 2360 1881 2408 Russicum
1918 2362 2117 2423 dicitur,
2160 2364 2212 2410 in
2243 2363 2362 2413 fun-

251 2456 436 2502 ctiones
456 2454 667 2513 corporis
688 2453 938 2514 organicas
968 2453 1057 2498 sub
1089 2452 1222 2498 varia
1248 2452 1349 2496 eius
1371 2457 1724 2515 temperatura,
1757 2466 1933 2514 eosque
1962 2466 2206 2516 exponere
2226 2470 2361 2501 mor-

252 2546 338 2593 bos
351 2582 364 2606 ,
397 2546 448 2593 in
471 2543 643 2608 quibus
662 2542 920 2592 utilitatem
938 2543 1039 2592 eius
1061 2540 1358 2605 experientia
1373 2540 1611 2602 probavit.

1029 2741 1100 2788 IN
1142 2710 1598 2788 fumosorum.

429 2857 691 2905 Enucleata
710 2859 909 2906 notione
929 2853 1249 2920 philosophiae
1266 2855 1490 2916 practicae
1510 2831 1970 2907 describantui·“oius
1990 2857 2125 2917 Ηῐιεε,
2153 2856 2358 2903 ambitus

251 2957 299 2996 et
322 2955 482 3011 partes
505 2949 795 3005 essentiales.
1912 2938 1923 2949 ⁰
