2608 3602
270 201 306 255 6

206 340 362 401 psisse
399 339 628 398 traditur,
687 337 742 385 in
790 336 964 400 quibus
1008 351 1189 384 nomen
1227 336 1389 399 ipsum
1423 334 1808 402 et.f1·agmenta,'
1867 356 1977 404 quae
2026 343 2171 403 paulo
2205 356 2319 408 post

207 428 540 491 proferentur,
604 428 666 475 de
713 429 846 489 poesi
888 428 1078 474 scenica
1135 427 1334 489 eiusque
1375 427 1588 476 historiae
1634 430 1821 477 erudite
1872 432 2170 492 disputatum
2211 450 2321 485 esse

209 506 494 573 ostendunt,
551 520 754 576 mirum,
812 524 870 564 ut
899 519 1114 577 videtur,
1164 517 1406 566 scribendi
1435 534 1584 580 genus
1609 517 1692 566 illa
1721 527 1875 569 aetate.
1899 523 2031 583 apud
2057 521 2321 586 Romanos,

208 611 425 659 nondum
453 610 713 657 admodum
747 609 947 655 remotis
977 622 1132 655 scenae
1164 607 1328 669 initiis,
1356 616 1407 657 et
1435 609 1487 657 in
1513 607 1596 657 illo
1621 608 1833 671 homine,
1865 592 1998 675 quod*
2021 613 2151 674 apud
2172 612 2323 663 Groe-

211 715 291 747 cos
320 715 349 745 a
380 699 577 746 nemine
608 705 865 760 poetarum
893 699 1192 745 scenicorum
1225 704 1487 746 tractatum
1522 706 1618 759 est,
1687 713 1717 745 a
1748 704 2070 761 grammaticis
2103 701 2324 752 Alexan-

212 790 364 837 drinis
380 792 646 853 poetisque,
675 790 755 852 qui
773 790 944 849 poesin
969 804 1079 835 cum
1109 791 1433 851 grammaticis
1452 791 1622 837 studiis
1653 791 2025 853 coniungebant,
2069 793 2323 856 diligenter

214 880 473 927 excultum.
540 880 596 926 Id
634 879 765 926 unde
798 880 1033 941 originem
1061 885 1111 925 et
1142 893 1323 925 nomen
1351 877 1577 927 habuerit
1604 886 1652 927 et
1680 878 1818 943 quale
1843 879 2019 939 fuerit,
2084 891 2196 945 post
2222 885 2324 932 Ca-

178 991 181 994 1
215 970 483 1016 sanbonum
531 968 612 1033 (ad
642 967 817 1015 Athen.
852 967 936 1015 VI.
970 984 1018 1029 p.
1053 974 1167 1022 235.
1204 964 1264 1029 e.)
1311 970 1537 1030 exposuit
1568 967 1626 1016 A.
1659 968 1929 1017 Boeckhius
1964 963 2207 1035 (in‘Corp'.
2238 974 2325 1021 In-

217 1060 398 1120 scriptt.
425 1058 583 1106 Graec.
601 1059 637 1106 I.
655 1075 701 1122 p.
720 1062 821 1113 350
838 1056 977 1121 sqq.),
1010 1064 1229 1105 auctores
1258 1064 1421 1105 autem
1455 1060 1755 1108 enumeravit
1785 1058 1843 1105 A.
1863 1058 2087 1107 Meineke
2120 1060 2328 1125 (Quaest.

217 1148 401 1196 Scenic.
429 1164 555 1211 spec.
590 1150 666 1196 111.
698 1165 745 1211 p.
785 1146 915 1211 1·7).
982 1148 1059 1195 Ex
1092 1149 1337 1196 veteribus
1371 1150 1501 1195 enim
1541 1150 1889 1209 monumentiS,
1953 1152 2124 1212 quibus
2158 1160 2328 1199 notata

217 1246 356 1284 erant
393 1242 581 1286 scenica
615 1239 880 1287 certamina
919 1245 969 1284 et
1008 1253 1115 1300 quae
1157 1240 1219 1285 ad
1258 1254 1315 1285 ea
1358 1240 1691 1300 pertinebant,
1753 1255 1860 1301 quae
1892 1241 1999 1301 ipsa
2032 1243 2328 1291 διδασκαλίαι

217 1326 455 1387 appellata
486 1330 737 1385 videntur,
799 1326 1082 1374 Aristoteles
1111 1327 1289 1374 librum
1325 1328 1552 1374 effecerat
1582 1330 1984 1391 inscripseratque
2014 1331 2327 1389 διδασκαλίας,

215 1418 268 1462 in
302 1434 397 1479 quo
425 1419 545 1465 nihil
578 1419 708 1465 aliud
743 1435 885 1481 quam
930 1417 1012 1465 illa
1054 1425 1370 1465 monumenta
1406 1417 1655 1479 collegisse
1700 1419 2083 1480 disposuisseque
2123 1421 2328 1481 videtur,

216 1514 273 1554 ut
305 1507 576 1556 efficeretur
606 1510 778 1569 index,
811 1524 873 1555 ex
905 1524 1000 1571 quo
1032 1509 1240 1570 perspici
1272 1516 1462 1569 posset,
1494 1524 1602 1571 quae
1635 1506 1813 1555 fabulae
1845 1523 2052 1570 quorum
2075 1517 2331 1569 poetarum

218 1598 389 1658 quibus
415 1599 715 1659 temporibus
748 1614 837 1659 per
869 1614 989 1659 quos
1023 1613 1119 1658 quo
1151 1604 1328 1643 eventu
1361 1604 1481 1643 actae
1516 1604 1699 1657 essent,
1733 1612 1934 1660 quaeque
1967 1605 2126 1644 essent
2154 1597 2331 1646 horum

218 1688 404 1742 similia,
472 1690 740 1744 eodemque
772 1689 919 1732 modo
941 1687 1032 1730 alia
1077 1684 1388 1731 διδασκαλιῶν
1426 1701 1631 1742 corpora.
1678 1686 1740 1728 ab
1785 1685 1889 1728 aliis
1920 1684 2141 1731 confecta
2179 1684 2330 1733 fuisse

214 1773 455 1819 videntur.
520 1771 614 1817 His
646 1770 863 1817 fontibus
897 1768 1212 1814 Alexandrini
1246 1765 1563 1813 Grammatici
1591 1767 1764 1830 aliique
1796 1770 2057 1817 utebantur
2082 1786 2335 1837 scenaeque

215 1862 464 1907 historiam
492 1875 681 1921 quoque
714 1860 903 1919 scriptis
938 1856 1395 1916 complectebantur,
1428 1858 1509 1916 qui
1526 1863 1690 1902 tamen
1723 1873 1822 1903 non
1856 1861 2153 1913 διδασκαλίας
2181 1862 2333 1910 libros

217 1949 589 2010 inscripserunt3
652 1946 1059 1997 sed-Gallimachi
1104 1950 1213 1991 erat
1254 1946 1392 2000 πίναξ
1424 1944 1519 1994 τῶν
1552 1941 1674 1995 navo?
1714 1942 1906 2011 χρόνους
1947 1949 2025 1997 καὶ
2068 1946 2147 1999 ἀπ’
2190 1949 2332 2018 ἀρχῆς

223 2043 479 2101 γενομένων
512 2036 849 2096 διδασκαλιῶν,
900 2037 1111 2098 Carystii
1145 2037 1433 2098 Pergameni
1473 2035 1597 2087 liber
1617 2037 1722 2103 περὶ
1753 2036 2076 2088 διδασκαλιῶν.

393 2130 585 2176 Horum
627 2131 777 2192 igitur
814 2123 1091 2189 exemplum
1137 2133 1330 2174 secutus
1365 2125 1528 2174 Attius
1560 2126 1880 2174 didascalicon
1896 2126 1942 2191 2)
1975 2128 2124 2178 libros
2155 2132 2335 2181 inscri-

220 2226 403 2281 pserat,
469 2220 641 2281 quibus
660 2219 823 2265 »simile
857 2224 1196 2280 argumentum
1225 2199 1371 2278 paulo
1426 2216 1739 2278 amplioribus
1786 2217 1963 2264 finibus
2007 2222 2335 2283 comprehen-

222 2311 355 2357 derat
365 2328 378 2371 3
441 2326 557 2356 nam
597 2310 811 2370 primum
851 2306 1049 2354 Graecos
1093 2314 1143 2354 et
1183 2307 1386 2354 Latinos
1430 2313 1599 2369 poetas
1640 2314 1919 2368 persecutus
1965 2316 2090 2372 erat,
2155 2328 2331 2374 quam-

226 2415 367 2460 quam
407 2400 586 2445 diutius
630 2400 682 2444 in
724 2397 901 2443 horum
948 2397 1173 2457 operibus
1220 2403 1459 2442 moratum
1497 2403 1644 2457 pum,
1712 2398 1885 2443 deinde
1937 2406 2115 2458 praeter
2171 2404 2334 2448 sceni-

225 2504 334 2535 cum
362 2505 511 2551 genus
539 2486 771 2536 nonnulla
806 2488 870 2534 ad
903 2485 1019 2532 alias
1052 2486 1266 2533 historiae
1306 2487 1465 2547 poesis
1500 2492 1662 2546 partes
1694 2487 1984 2546 pertinentia
2015 2490 2205 2536 videtur
2241 2493 2332 2538 ad-

319 2720 354 2763 2)
397 2713 505 2756 'Hanc
532 2730 615 2756 esse
638 2729 766 2755 veram
788 2717 972 2761 sunnam,
1004 2728 1087 2763 quae
1107 2724 1163 2752 est
1187 2718 1228 2752 in
1252 2713 1401 2751 duobus
1423 2713 1630 2758 Prisciani,
1669 2726 1748 2750 uno
1777 2711 1960 2759 Charisii,
1999 2728 2077 2753 uno
2101 2719 2192 2755 item
2217 2719 2336 2756 Nonii

400 2780 508 2823 loco,
555 2792 634 2815 non
669 2782 913 2815 didascalicos
945 2779 1066 2814 libros
1097 2778 1217 2823 (quod
1241 2781 1333 2811 item
1359 2777 1434 2811 dici
1461 2788 1570 2822 posse
1591 2777 1786 2812 Mei-cerus
1814 2777 1969 2822 putabat
1993 2779 2040 2814 ad
2065 2780 2164 2818 Non.
2187 2792 2224 2825 p.
2250 2785 2335 2822 134,

403 2843 506 2886 quod
545 2846 682 2878 extrita
718 2850 885 2878 extrema
915 2843 1026 2877 litera
1055 2841 1096 2876 in
1129 2839 1352 2876 didascalico
1380 2837 1474 2874 libro
1495 2842 1523 2875 Ι
1553 2846 1591 2875 et
1618 2839 1758 2875 similia
1788 2837 2027 2886 legebantur)
2061 2841 2157 2877 vidit
2191 2838 2334 2880 Osann.

404 2902 516 2938 Aual.
543 2906 623 2938 crit.
647 2916 685 2950 p.
708 2907 767 2944 62.
798 2902 873 2939 Sed
898 2904 1206 2938 didascalicorum
1232 2900 1367 2935 Latina
1389 2899 1508 2935 forma
1539 2912 1559 2936 a
1583 2903 1833 2945 grammaticis
1852 2903 2036 2949 appellari
2055 2913 2134 2937 non
2153 2906 2333 2947 potuisse,

402 2965 500 2999 nihil
526 2972 595 3006 est,
620 2966 723 3010 quod
746 2965 899 3001 credere
924 2973 1047 3012 cogat.
1094 2963 1171 2999 Csr.
1196 2961 1395 3000 Weichert
1429 2963 1514 2998 loco
1555 2961 1655 2998 iufra
1679 2961 1840 2998 citando.
